2752 4776
147 275 210 340 102
597 274 629 335 o.
648 273 760 326 cunm
777 272 867 324 auru

151 444 236 506 miles
258 445 420 505 ministeria
444 450 616 512 nautarum,
642 461 744 504 remex
758 441 858 503 militis
879 443 974 503 officia
989 441 1143 513 turbabat,
1168 450 1214 514 et,
1238 443 1315 521 qued

151 531 183 590 in
205 527 349 590 eiusmodi
371 547 442 589 casu
465 526 584 598 accidit,
619 529 707 607 periti
733 529 845 605 ignaris
872 527 1034 605 parebant:
1068 528 1181 607 quippe
1210 527 1314 606 guber·

151 622 273 674 natores
290 611 361 676 alias
384 614 533 691 imperare
555 610 633 672 soliti
655 620 718 672 tum
741 620 823 673 metu
852 612 956 672 mortis
978 613 1058 672 iussa
1079 609 1312 692 exequebantur.

149 698 282 758 Tandem
309 697 399 758 remis
429 698 611 775 pertinacius
645 695 852 757 everberatum
882 713 964 756 mare
998 694 1090 757 veluti
1120 695 1314 775 eripientibus

149 783 264 859 navigia
286 780 417 842 classicis
440 783 541 849 cessit,
565 778 746 859 adpulsaque
769 788 837 840 sunt
859 777 939 840 litori
962 779 1089 841 lacerata
1111 779 1269 860 pleraque.

98 868 130 916 19
233 866 330 927 lsdem
353 865 429 926 forte
456 864 560 925 diebus
586 865 872 950 Carthaginiensium
886 863 982 943 ⁴legati
1004 883 1062 924 xxx
1089 868 1311 944 superveniunt,
1321 860 1351 927 15

148 951 242 1028 magis
271 949 402 1011 obsessis
431 949 572 1010 solacium
601 965 690 1025 quam
718 947 875 1010 auxilium:
906 950 1016 1029 quippe
1044 948 1208 1010 domestico
1237 948 1312 1010 bello

147 1034 262 1096 Poenos
284 1035 413 1112 inpediri
440 1051 496 1096 neo
519 1033 556 1094 de
577 1033 718 1110 imperio,
752 1033 805 1094 sed
828 1050 882 1110 pro
905 1032 1000 1095 salute
1027 1033 1172 1094 dimicare
1200 1035 1311 1095 nundu-

97 1131 132 1181 20
148 1117 230 1180 hant.
274 1119 452 1198 Syracusani
480 1125 543 1178 tum
569 1117 699 1179 Africam
728 1116 856 1178 urebant
887 1125 915 1178 et
950 1116 1029 1177 haud
1056 1116 1163 1195 procul
1194 1116 1310 1179 Cartha-
1355 1120 1357 1153 ²

150 1205 228 1281 ginis
249 1203 343 1263 muris
365 1200 534 1262 locaverant
556 1210 663 1263 castra.
706 1201 772 1262 Nou
794 1210 894 1262 tamen
921 1201 1059 1262 deiecere
1085 1202 1194 1263 animis
1224 1202 1308 1280 Tyrii,
1352 1230 1357 1291 ἦ

148 1304 326 1366 quamquam
349 1285 386 1345 ab
409 1287 523 1363 ingenti
546 1303 598 1365 spe
621 1286 753 1347 destituti
776 1293 875 1354 erant,
904 1285 957 1346 sed
979 1287 1121 1364 coniuges
1143 1285 1310 1367 liberosque
1352 1298 1357 1353 r·

149 1369 338 1430 devehendos
361 1368 567 1447 Carthaginem
594 1370 795 1440 tradiderunt,
831 1371 951 1442 fortius,
986 1369 1127 1448 quidquid
1156 1371 1309 1441 accideret,
1352 1362 1357 1403 ¹

148 1452 252 1523 laturi,
281 1456 308 1514 si
329 1456 514 1515 carissimam
536 1457 583 1515 sui
604 1463 719 1534 partem
749 1464 831 1516 eiua
854 1464 965 1516 sortem
992 1454 1119 1533 periculi
1148 1456 1310 1517 communis

96 1549 129 1597 21
148 1537 331 1598 habuissent.
377 1538 508 1618 Cumque
531 1556 609 1600 unus
638 1557 654 1599 e
682 1538 795 1600 civibus
822 1541 1021 1601 incautione
1048 1540 1229 1610 indicasset,
1262 1539 1310 1601 oh·
1352 1592 1357 1623 Ι

147 1619 237 1681 latam
260 1640 324 1682 esse
346 1640 400 1700 per
423 1641 559 1684 somnum
583 1623 639 1684 sibi
661 1625 791 1702 speciem
813 1623 970 1702 Apollinis,
999 1641 1089 1702 quem
1112 1625 1224 1684 eximia
1244 1622 1309 1684 reli·
1350 1626 1357 1699 l

148 1707 237 1783 gioue
259 1704 406 1775 colerent,
430 1707 536 1768 urbem
551 1707 732 1778 deserentis,
755 1705 924 1786 molemque
939 1725 956 1768 a
975 1705 1189 1769 Macedonibus
1205 1711 1238 1769 in
1253 1704 1310 1770 salo

97 1791 130 1841 22
147 1793 255 1850 iactam
276 1792 309 1851 in
330 1790 497 1852 silvestrem
519 1791 626 1853 saltum
649 1810 714 1853 esse
735 1800 890 1853 mutatam:
915 1808 1094 1871 quamquam
1116 1800 1223 1853 auctor
1243 1791 1312 1853 levis
1347 1816 1351 1821 ·

148 1882 225 1948 crat,
261 1881 360 1936 tamen
388 1876 425 1935 ad
453 1876 601 1938 deteriora
623 1876 772 1937 credenda
799 1878 887 1954 proni
908 1884 989 1938 metu
1012 1894 1101 1937 aurea
1129 1885 1238 1938 catena
1265 1875 1313 1936 de·

147 1960 269 2019 vinxere
291 1958 483 2021 simulacrum
505 1978 633 2039 araeque
662 1959 811 2028 Herculis,
846 1961 927 2021 cuius
956 1961 1071 2021 numini
1097 1958 1208 2022 urbem
1238 1960 1313 2022 dica·

145 2051 265 2113 verant,
299 2044 455 2105 inseruere
482 2045 645 2116 vinculum,
680 2045 764 2124 quasi
791 2043 841 2104 illo
870 2045 925 2105 deo
952 2043 1119 2124 Apollinem
1148 2051 1313 2106 retentura.

147 2127 301 2205 Syracusis
321 2127 352 2187 id
374 2127 564 2190 simulacrum
587 2129 765 2189 devexerant
786 2128 879 2188 Poeni
902 2135 931 2188 et
953 2130 983 2188 in
1006 2131 1121 2189 maiore
1142 2127 1313 2191 locaverant

148 2213 244 2287 patria
262 2211 421 2287 multisque
443 2211 506 2272 aliis
534 2210 636 2290 spoliis
662 2211 780 2272 urbium
804 2230 820 2272 a
847 2219 942 2272 semet
969 2220 1124 2292 captarum
1152 2230 1216 2274 nou
1243 2213 1314 2276 Car·

99 2302 132 2350 23
149 2292 301 2367 thaginem
324 2295 416 2371 magis
439 2313 527 2373 quam
549 2294 659 2372 Tyrum
681 2301 867 2355 ornaverant.
914 2296 1039 2357 Sacrum
1067 2313 1201 2377 quoque,
1234 2297 1316 2376 quod

148 2375 286 2454 equidem
309 2375 353 2437 dis
375 2379 497 2438 minime
519 2377 602 2438 cordi
625 2396 689 2439 esse
712 2378 903 2447 crediderim,
937 2379 1038 2442 multis
1067 2379 1206 2442 saeculis
1221 2382 1316 2443 inter·

146 2461 270 2520 missum
292 2461 449 2539 repetendi
471 2469 607 2523 auctores
629 2461 746 2542 quidam
762 2471 859 2533 erant,
883 2471 916 2524 ut
930 2465 1078 2542 ingenuus
1093 2483 1169 2543 puer
1185 2465 1316 2527 Saturno

146 2544 365 2608 immolaretur:
389 2546 468 2623 quod
490 2546 677 2624 sacrilegium
692 2549 791 2608 verius
806 2565 894 2626 quam
910 2564 1029 2609 sacrum
1050 2548 1317 2626 Carthaginienses

147 2647 164 2688 a
186 2629 392 2692 conditoribus
414 2631 554 2692 traditum
577 2631 729 2710 usquead
753 2631 898 2692 excidium
927 2630 1009 2692 urbis
1036 2649 1106 2692 suae
1129 2634 1244 2695 iecisse
1270 2634 1316 2695 di·

147 2721 265 2774 cuntur.
310 2716 351 2775 Ac
373 2716 431 2777 nisi
452 2717 585 2777 seniores
607 2715 799 2785 obstitissent,
823 2733 951 2795 quorum
972 2715 1095 2776 consilio
1117 2724 1228 2779 cuncta
1244 2736 1313 2797 age·

97 2804 131 2852 24
148 2795 269 2866 bantur,
298 2797 511 2861 humanitatem
534 2800 596 2860 dira
624 2801 795 2879 superstitio
823 2801 949 2859 vicisset.
994 2799 1134 2860 Ceterum
1162 2789 1357 2863 efficaciorli

148 2881 230 2940 omni
244 2888 308 2941 arte
323 2886 485 2944 necessitas
501 2902 560 2945 nan
577 2886 684 2944 usitata
698 2883 787 2943 mcdc
802 2883 964 2962 praesidia,
989 2884 1041 2944 sed
1060 2884 1207 2962 quaedam
1224 2888 1317 2947 etiam

169 3065 222 3139 ,20‘
243 3059 470 3127 Syracusani.
505 3065 556 3118 liin
572 3065 700 3123 lrrthum.
750 3068 870 3132 patria
893 3088 926 3108 =
950 3064 1003 3121 die
1021 3065 1130 3122 altere
1146 3065 1318 3132 Heimath,

147 3126 701 3198 lheBedringungCarthagosdurchAga·
752 3132 982 3188 Mutterstadt.
999 3160 1033 3170 -
1045 3133 1245 3202 matrisque.
1267 3136 1318 3193 Ue·

147 3194 255 3249 thocles
265 3210 320 3249 von
330 3194 451 3262 Syralrus
464 3197 565 3252 latisin
578 3200 626 3254 das
635 3198 701 3254 Jahr
751 3198 892 3255 bersetne:
903 3202 969 3255 ‘wie
979 3200 1019 3255 sie
1025 3201 1095 3256 auch
1104 3211 1193 3264 sonst,
1203 3218 1317 3260 ausser·

148 3264 207 3315 309.
234 3259 322 3341 {leber
343 3270 376 3317 et
387 3263 479 3342 hand
495 3282 516 3320 s.
533 3265 602 3322 Einl.
620 3266 646 3330 8.
659 3270 700 3322 23.
753 3265 825 3321 dem’
840 3276 905 3329 etc:
920 3283 987 3322 non
998 3270 1121 3334 manis,
1135 3286 1157 3324 s.
1171 3267 1244 3327 liiul.
1258 3270 1317 3337 8.8.

147 3356 181 3366 -
193 3330 330 3391 anemis,
343 3328 568 3388 rihlrcheram'mo
578 3333 702 3389 indiescr
787 3337 827 3388 23.
838 3333 992 3390 Saturno
1004 3333 1242 3392 dem‘lloloch'.
1255 3353 1316 3394 sa-

146 3395 257 3474 Pbrase.
270 3424 304 3433 -
315 3415 333 3451 a
345 3412 404 3464 spe
421 3397 541 3476 destitui,
555 3401 643 3480 selpon
657 3399 701 3455 bei
753 3401 939 3467 criterium
962 3402 1036 3458 hier:
1058 3400 1250 3471 Entweihung
1266 3404 1315 3461 des

146 3462 703 3541 prv.-latari,naaopsvcaarr—st
752 3466 895 3534 Heiligen,
924 3468 1033 3525 uranei.
1074 3469 1163 3526 Ueber
1193 3474 1316 3529 verius

149 3546 251 3594 εχοιεν.
753 3552 849 3657 §uam
866 3553 887 3591 s.
905 3535 975 3591 Einl.
992 3536 1018 3602 S.
1036 3539 1060 3591 8.
1076 3564 1113 3574 -
1127 3538 1314 3602 excidium.

181 3599 222 3649 21,
246 3596 434 3680 qpqllinis,
459 3617 480 3654 a.
504 3598 530 3662 S.
551 3602 592 3652 22.
613 3627 646 3636 -
667 3603 702 3654 in
775 3617 842 3668 agar
858 3603 927 3657 nach
945 3606 1007 3666 146,
1024 3603 1094 3658 nach
1112 3604 1161 3661 der
1177 3605 1314 3670 Besitzer-

147 3662 236 3726 salo,
256 3681 287 3715 εν
299 3666 357 3730 att,
376 3665 446 3720 auch
462 3663 506 3720 bei
520 3664 582 3728 Cic,
596 3684 617 3721 s.
631 3666 702 3722 oben
754 3668 883 3736 greilung
895 3669 983 3725 durch
999 3670 1077 3736 Rom,
1090 3670 1188 3728 kameu
1206 3674 1313 3731 verein-

145 3733 169 3785 2,
182 3734 206 3784 9,
305 3800 310 3810 Ι
570 3801 575 3812 Ι
753 3735 808 3791 zelt
819 3737 1046 3806 blenschenopier
1059 3739 1088 3794 in
1100 3737 1238 3808 Carthago
1255 3758 1312 3798 vor.

179 3801 220 3854 22.
234 3798 426 3854 devinxere
437 3798 527 3863 bloss;
541 3807 595 3856 ‘sie
607 3800 703 3858 lessel·
753 3805 914 3860 seniores
927 3804 988 3860 ‘der
1000 3804 1070 3861 Rath
1083 3804 1133 3862 der
1145 3808 1200 3874 (30)
1210 3808 1312 3873 niam,

146 3872 213 3930 ten’,
227 3866 365 3932 vgl.y.15;
380 3867 599 3923 aincnlnm=
611 3885 702 3925 aurea
754 3871 824 3926 ‘der
838 3871 924 3927 hahe
936 3871 1040 3929 Rath’.

145 3938 260 4012 cateno..
278 3933 326 3989 bie
339 3932 418 3989 Notiz
431 3933 500 3989 iiber
516 3933 648 3991 Hercules
666 3937 702 3991 ist
787 3941 828 3994 24.
842 3941 1058 4006 necessitas,
1071 3940 1126 4007 vgl.
1139 3945 1163 3998 8.
1182 3946 1253 3999 11.4
1269 3942 1313 4010 ef·

145 4001 282 4065 unnormg
294 4002 363 4056 nach
375 4006 400 4057 2.
413 4007 436 4056 3.
465 4001 487 4057 S
491 4007 639 4066 pracnsi
642 4019 657 4059 s
668 4031 703 4042 -
750 4006 869 4072 ficacior
881 4008 912 4061 in
921 4006 1054 4063 adversis
1063 4023 1124 4064 nec.
1137 4013 1312 4076 qaamratta.

146 4064 262 4120 Poeni.
286 4067 702 4127 Nachltiod.13.108hatteder
753 4101 785 4110 -
815 4074 964 4129 admonit
991 4073 1069 4141 ‘gab
1094 4076 1160 4139 eiu,
1192 4094 1231 4133 an
1260 4077 1312 4133 die

147 4130 434 4198 Carthagerllamilcar
447 4137 491 4192 ein
500 4136 643 4193 Standbild
653 4138 701 4194 des
752 4138 864 4200 Hand,
888 4140 943 4196 wie
961 4141 1010 4197 der
1025 4143 1092 4198 hrzt
1109 4142 1157 4198 das
1183 4143 1311 4201 bellende

147 4199 257 4266 Apollo,
282 4216 339 4255 was
358 4217 387 4257 er
403 4207 453 4255 405
471 4204 519 4259 der
541 4205 619 4260 Stadt
636 4205 701 4260 Gela
751 4205 848 4269 llittel,
861 4224 883 4260 s.
896 4211 920 4263 6.
933 4212 957 4263 2.
970 4213 1012 4265 19.
1024 4209 1310 4278 -lrorpaaonas,

146 4266 262 4330 geraubt
274 4267 357 4329 hatte,
371 4267 640 4338 alsWeihgeschenh
652 4272 702 4328 der
752 4272 805 4339 vgl.
823 4273 850 4338 8.
867 4277 900 4325 26
918 4291 945 4329 u.
963 4275 1035 4333 oben
1051 4280 1075 4332 2.
1093 4281 1134 4333 12.
1172 4278 1253 4335 Sinu:
1277 4294 1311 4335 an

145 4330 416 4402 llutterstadtl'yrus
430 4337 570 4403 gesendet.
589 4341 701 4394 maior
752 4339 843 4396 starke
854 4339 956 4398 Balien
968 4343 1135 4412 bciestigten
1151 4346 1194 4403 sie
1210 4347 1310 4414 (wabr-
