2752 4776
67 210 129 279 186
522 226 555 285 a.
579 225 683 274 cunm
704 226 787 275 nors

65 391 187 463 accepta
202 381 340 442 condicio
356 390 401 442 est
421 399 455 442 ac
478 391 598 461 postero
620 381 668 443 die
691 399 759 451 rex,
783 399 851 444 cum
868 384 955 443 etiam
971 382 1072 443 aerius
1089 389 1237 443 certamen

67 474 278 547 exposcerent,
304 466 374 546 quia
399 465 552 527 deterrere
574 484 635 527 non
663 474 795 544 poterat,
826 466 970 537 destinata
1001 468 1111 544 exequi
1139 482 1237 543 passus

15 570 48 621 19
67 561 120 613 est.
164 551 274 630 lngens
296 553 340 610 vis
362 549 502 620 militum,
524 552 604 611 inter
626 567 700 627 quos
722 561 809 612 erant
831 550 951 620 Graeci,
974 551 1125 630 Dioxippo
1142 550 1237 611 stude-

66 635 147 697 bant.
191 634 314 696 Macedo
346 635 421 694 iusta
451 652 533 696 arma
561 641 745 714 sumpserat,
780 653 901 697 aereum
934 633 1079 714 clipeum,
1115 634 1235 706 hastam,

66 737 156 798 quam
179 720 301 781 sarisam
319 726 437 787 vocant,
460 718 541 780 laeva
564 727 683 790 tenens,
706 718 827 781 dextera
850 718 982 780 lanceam
1001 718 1162 798 gladioque
1177 721 1235 781 cin·
1264 772 1275 787 .

12 825 48 876 2ο
66 814 146 873 ctus,
168 802 249 864 velut
271 821 339 865 cum
363 802 499 880 pluribus
520 801 608 863 simul
630 802 834 865 dimicaturus.
878 803 1043 882 Dioxippus
1058 802 1127 863 oleo
1144 804 1235 864 nitens

66 896 96 950 et
117 896 275 949 coronatus
297 887 379 949 laeva
406 888 566 966 puniceum
590 887 764 958 amiculum,
794 887 899 949 dextra
921 887 1052 949 validum
1079 887 1234 949 nodosum·

65 991 124 1053 que
145 974 275 1053 stipitem
298 971 496 1051 praelerebat.
539 972 581 1032 Ea
603 973 666 1050 ipsa
689 989 737 1032 res
752 974 885 1034 omnium
901 974 1016 1032 animos
1031 974 1234 1051 expectatione

65 1057 276 1136 suspenderat:
321 1057 432 1136 quippe
475 1064 589 1117 armato
631 1057 774 1135 congredi
810 1057 923 1118 nudum
967 1055 1134 1129 dementia,
1180 1074 1234 1117 non

12 1161 47 1209 22
65 1143 216 1203 temeritas
239 1138 404 1201 videbatur.
447 1140 541 1218 Igitur
563 1140 698 1211 Macedo,
727 1140 807 1203 haud
830 1141 937 1202 dubius
964 1141 1082 1202 eminus
1109 1141 1234 1202 interfici

65 1243 168 1305 posse,
199 1225 332 1286 lanceam
361 1225 471 1286 emisit:
501 1243 590 1304 quam
613 1223 775 1304 Dioxippus
797 1243 866 1286 cum
893 1226 999 1302 exigua
1028 1228 1168 1304 eorporis
1189 1224 1259 1286 de·-

66 1308 225 1371 elinatione
248 1310 383 1378 vitasset,
418 1315 575 1388 antequam
604 1308 654 1369 ille
687 1309 801 1371 hastam
830 1309 1007 1371 transferret
1034 1312 1066 1369 in
1093 1309 1233 1381 dextram,

12 1413 48 1463 22
65 1392 184 1456 adsiluit
206 1401 237 1454 et
258 1394 358 1471 stipite
381 1392 509 1454 mediam
528 1411 592 1453 eam
616 1394 714 1470 l‘regit.
759 1395 875 1455 Amisso
889 1401 1017 1474 utroque
1040 1392 1103 1455 telo
1117 1392 1234 1455 Macedo

64 1477 195 1556 gladium
228 1484 368 1555 coeperat
400 1479 563 1555 stringere:
599 1496 687 1557 quem
721 1486 899 1557 occupatum
931 1477 1080 1557 conplexu
1111 1477 1235 1555 pedibus

66 1570 190 1640 repente
218 1560 373 1621 subductis
395 1560 558 1641 Dioxippus
585 1562 719 1623 arietavit
745 1565 776 1623 in
806 1570 916 1624 terram
947 1570 1117 1641 ereptoque·
1142 1561 1236 1640 gladio

65 1646 173 1725 pedem
188 1662 278 1725 super
293 1644 441 1706 cervicem
463 1647 571 1707 iacenti
592 1648 742 1726 inposuit,
765 1649 898 1726 stipitem
921 1649 1074 1707 intentans
1095 1645 1236 1709 elisurus-

11 1750 48 1801 22
65 1748 123 1809 que
147 1748 181 1790 eo
203 1731 327 1797 victum,
351 1732 384 1790 ni
406 1729 576 1809 prohibitus
591 1738 671 1791 esset
685 1749 702 1791 a
717 1748 800 1809 rege.
845 1731 950 1792 Tristis
972 1729 1137 1808 spectaculi
1152 1747 1236 1792 even·

65 1822 112 1875 tus
141 1833 200 1875 non
229 1813 439 1874 Macedonibus
467 1813 571 1883 modo,
605 1814 658 1875 sed
692 1817 780 1876 etiam
809 1813 977 1876 Alexandro
1005 1815 1076 1885 luit,
1110 1817 1237 1876 maxime

65 1902 134 1978 quia
156 1897 278 1960 barbari
292 1897 462 1959 adsuerant:
486 1900 597 1978 qutppe
619 1898 799 1960 celebratam
815 1898 1011 1961 Macedonum
1032 1900 1238 1962 tortitudinem

11 2002 48 2052 24
65 1983 102 2043 ad
117 1982 278 2045 ludibrium
295 1983 440 2043 recidisse
460 1983 629 2044 verebatur.
667 1983 743 2044 Hinc
763 1983 799 2045 ad
815 1984 1055 2045 criminationem
1069 1984 1238 2046 invidorum

65 2067 222 2147 adapertae
244 2075 313 2127 sunt
335 2070 416 2145 regis
438 2085 537 2128 aures.
581 2067 619 2129 Et
645 2076 713 2147 post
740 2085 851 2146 paucos
874 2068 937 2129 dies
958 2070 1038 2129 inter
1061 2066 1167 2150 epulas
1188 2086 1237 2130 au·
1273 2089 1277 2097 ·

65 2169 150 2212 reum
179 2150 317 2232 poculum
346 2169 382 2211 ex
404 2154 559 2229 conposito
581 2150 758 2213 subducitur
781 2154 985 2230 ministrique,
1016 2155 1102 2230 quasi
1125 2154 1237 2215 amisis·

12 2254 47 2304 ss
65 2244 132 2297 sent
153 2235 232 2315 quod
255 2244 442 2302 amoverant,
466 2253 568 2313 regem
591 2235 711 2297 adeunt.
749 2235 845 2317 Saepe
867 2238 964 2297 minus
987 2245 1032 2299 est
1055 2239 1238 2299 constantiae

65 2321 96 2380 in
126 2319 353 2399 ruborequam
381 2321 411 2378 in
441 2318 537 2398 eulpa.
589 2320 761 2382 Coniectum
792 2321 962 2392 oculorum,
992 2321 1103 2401 quibus
1130 2328 1164 2383 ut
1190 2321 1237 2383 lur

66 2403 283 2473 destinabatur,
310 2403 471 2482 Dioxippus
493 2405 573 2464 ferre
596 2422 655 2463 non
678 2405 775 2483 potuit
798 2415 841 2474 et,
870 2423 938 2466 eum
968 2407 1147 2467 excessisset
1169 2424 1237 2468 con·

65 2489 156 2557 visio,
181 2486 286 2548 litteris
302 2487 495 2567 conscriptis,
519 2507 595 2568 quae
611 2491 677 2566 regi
693 2487 906 2558 redderentur,
929 2491 1011 2550 ierro
1027 2508 1059 2550 se
1074 2492 1235 2552 interemit.

11 2589 47 2638 26
66 2575 202 2634 Graviter
224 2581 351 2632 mortem
375 2575 439 2634 eius
463 2572 530 2633 tulit
552 2591 620 2643 rex,
645 2575 818 2634 existimans
839 2574 1049 2652 indignationis
1073 2593 1154 2646 esse,
1178 2591 1236 2635 non

65 2783 98 2793 —
127 2756 286 2812 condicio
318 2754 450 2810 bedentet
479 2756 552 2810 hier:
583 2756 627 2810 die
678 2754 897 2811 iberraseht'
911 2757 960 2811 mit
973 2756 1033 2811 dem
1046 2756 1241 2825 Nebenbegrill

65 2821 399 2890 Herauslorderung,
431 2822 555 2879 insolern
582 2822 626 2878 bei
679 2822 727 2878 des
752 2822 1043 2879 vaorltommens.—
1067 2827 1237 2881 arietavit

64 2890 108 2945 ihr
118 2891 238 2957 gewisse
249 2889 356 2945 Punite
369 2884 494 2959 stipulirt
505 2890 628 2946 werden.
678 2890 703 2946 d.
726 2891 743 2945 i.
766 2893 846 2946 modo
870 2894 970 2948 arietis
992 2892 1103 2958 impulit
1125 2898 1154 2949 et
1171 2908 1237 2960 pro·

101 2992 132 3042 19
163 2993 257 3045 inter
330 3007 367 3046 03
456 2989 517 3045 Einl
593 2995 627 3044 20
677 2960 788 3014 strauit.
828 2959 920 3014 Dieses
948 2959 1134 3016 dichterische
1158 2960 1236 3015 Wort

64 3033 147 3112 unte}
159 3060 243 3112 inter·
278 3008 433 3113 ffg‘ter'desfi
446 3033 626 3113 Versgmmel·
677 3026 715 3080 ist
732 3023 776 3080 bei
795 3025 847 3080 den
865 3025 1104 3082 nachclassischen
1123 3025 1236 3083 Schrilt·

66 3132 111 3179 ten
124 3122 259 3178 bolanden
271 3124 331 3179 sich
343 3124 413 3179 anch
432 3124 501 3179 viele
513 3125 625 3180 Asiaten
677 3091 793 3215 {ffiffiln
807 3093 999 3217 Effigie?
1013 3093 1236 3218 [ἓέιζὶξὲῗῃξξ

66 3189 334 3258 (siti-iusto
357 3208 454 3244 arma
477 3192 531 3246 wie
554 3191 625 3247 oben
676 3225 737 3281 Ἠ
802 3230 835 3280 23

65 3264 89 3310 4.
109 3261 147 3314 14.
167 3263 467 3325 a-sumpserat.
503 3258 548 3313 Dei
572 3259 625 3314 den
698 3228 783 3293 ¹¹¹·3
842 3245 886 3324 ,³',
1151 3292 1197 3326 ,l

66 3325 212 3393 rotgenaen
244 3324 397 3393 Partictpiis
425 3324 551 3380 scewanc
577 3326 625 3380 aas
712 3315 754 3363 2³·
772 3313 956 3392 resecasse.
978 3311 1028 3392 ‚So
1047 3321 1111 3380 sant
1129 3312 1235 3368 Gneo:

65 3393 190 3449 Resultat
220 3393 267 3448 des
297 3407 411 3448 sumere
438 3409 499 3456 vor,
526 3391 566 3448 als
591 3392 625 3449 oh
678 3394 727 3434 ies
746 3380 849 3460 ''wid'‘
866 3380 905 3434 “d
921 3379 1053 3443 ”mihist
1077 3381 1235 3461 “Mummi

65 3461 262 3529 vorherginge:
295 3463 360 3515 lust.
386 3462 476 3516 armis
505 3469 627 3517 ornatus
677 3453 704 3501 0¹
730 3445 874 3528 lacrimas·
913 3445 965 3501 ΒΕΓ
981 3462 1046 3502 '³⁰0·
1069 3463 1093 3502 ⁰·
1118 3447 1167 3504 ¹¹1f·
1195 3447 1236 3503 ¹³⁰¹

63 3535 136 3584 erat·
677 3528 795 3569 verere
817 3522 854 3568 ist
876 3519 1032 3568 ausserst
1053 3514 1165 3570 selten
1183 3514 1235 3570 und

98 3633 132 3683 20
237 3632 243 3643 ·
357 3651 390 3661 -
676 3579 753 3637 wolrl
772 3597 825 3636 nur
844 3581 1017 3637 dichterisch.

65 3697 119 3752 wie
133 3645 625 3767 gpssqsscefssrffigsspuarffilg
710 3669 751 3719 24.
767 3671 845 3731 nost
859 3681 993 3730 paucos
1011 3665 1088 3721 dies
1107 3665 1154 3721 fir
1167 3683 1235 3733 pau·

62 3764 624 3898 cataracta,citam-lag
676 3730 992 3856 attestanti·
1014 3731 1075 3867 vit.
1085 3731 1237 3868 lteram

349 3900 355 3911 ·
676 3869 790 3922 tertium
810 3871 834 3919 3.
852 3870 876 3922 6.
895 3872 910 3920 3
929 3883 957 3922 u.
975 3870 1015 3922 te.

61 3902 249 4034 tentant
281 3898 624 4034 sindelstetta
713 3939 756 3990 2⁵·
782 3935 894 3990 mur
925 3940 977 3990 ω’
1011 3937 1235 3991 cusanca

62 4037 199 4100 pendere.

675 4007 727 4057 cte.
774 4001 854 4056 Sinn:
890 4002 934 4057 die
964 4001 1117 4058 Schande
1145 4002 1236 4124 bringi

223 4120 229 4132 .
463 4121 469 4132 .
544 4122 549 4133 ,
677 4068 718 4125 olt
736 4070 807 4124 noch
826 4070 904 4124 mehr
923 4085 972 4124 aus
991 4068 1040 4123 der
1054 4069 1180 4137 nassung
1197 4086 1234 4124 as

102 4123 143 4176 21,
168 4134 298 4184 exequat
325 4134 349 4173 c.
377 4119 624 4175 decltnalwttss·
676 4135 719 4190 die
746 4134 911 4204 (wirkliclte)
941 4135 1074 4193 Schuld.
1097 4166 1131 4176 -
1158 4153 1235 4193 con-

63 4184 207 4241 nnsanen
225 4186 323 4240 worse
341 4190 365 4236 4·
384 4189 407 4242 ⁶-
427 4189 466 4243 1⁶·
676 4205 774 4259 vasto.
816 4203 875 4270 νει.
899 4205 999 4271 esrem
1020 4207 1149 4260 conano
1167 4208 1191 4258 s.
1213 4207 1235 4258 a.

98 4273 139 4325 22.
166 4275 370 4336 occupatum
393 4292 426 4312 ==
453 4270 623 4337 plbtzlieh
675 4275 704 4333 9;
723 4274 790 4328 8.6.
810 4273 849 4326 13.

44 4366 151 4480 Ι.-
