2752 4776
98 276 162 350 238

552 293 586 354 o.
609 291 714 340 cunm
736 291 817 341 nunu

50 469 82 517 1⁷
102 455 216 511 turmas
243 467 312 509 cum
341 446 509 526 elephantis
543 447 733 509 inducturum
757 465 789 508 se
815 448 847 508 in
879 453 1066 509 recusantes.
1111 447 1257 530 Stupcbmt

101 533 252 613 inproviso
274 530 352 595 malo
373 531 489 611 pedites
511 549 568 592 nec
590 529 658 610 plus
679 533 711 592 in
738 532 803 611 ipso
824 530 1062 609 Meleagroorac
1083 540 1136 592 aut
1156 533 1256 599 condit

100 626 151 678 aut
172 618 274 679 animi.
318 615 511 678 Tutissimum
527 633 564 677 ex
585 614 793 694 praesentibus
807 615 963 678 videbatur
980 625 1141 693 expectare
1162 618 1256 697 potino.
1296 620 1301 639 ⁴

51 718 189 781 requam
213 716 333 763 movere
355 700 518 763 torturam.
562 700 638 761 Tum
660 699 817 767 Perdicca,
845 707 879 760 ut
900 707 1055 779 torpentes
1078 707 1108 760 et
1130 700 1258 765 obnoxios
1298 704 1301 735 ³

100 784 190 853 vidit,
223 803 281 847 ooo
314 784 396 865 lere,
431 786 483 865 qui
503 782 685 861 Meleagrum
708 791 915 863 erumpentem
948 803 986 847 ex
1008 785 1164 856 contione,
1195 801 1258 862 quae

100 869 198 946 prima
226 866 328 930 habita
357 876 402 929 est
426 874 642 947 postmortem
664 865 838 938 Alexandri,
871 871 967 929 secuti
990 876 1092 940 crant,
1127 869 1257 931 acetaria

101 953 247 1014 discretos
269 950 434 1033 elephantis
455 952 487 1013 in
513 961 676 1031 conspectu
701 954 793 1013 totins
820 953 969 1014 exercitus
997 953 1102 1014 obicit.
1147 953 1257 1015 bono-

100 1055 159 1117 que
186 1035 343 1099 beluarum
370 1034 500 1115 pedibus
527 1035 630 1097 obtriti
655 1044 725 1097 sunt
752 1053 808 1097 neo
841 1036 1021 1116 prohibente
1043 1035 1182 1116 Philippo
1213 1054 1257 1097 nec

50 1137 82 1187 19
100 1128 236 1183 anctore:
264 1119 486 1201 adparebatque
508 1120 538 1183 id
568 1121 656 1181 modo
684 1137 740 1199 pro
762 1139 817 1183 suo
839 1120 1077 1191 vindicaturum,
1110 1121 1189 1201 quod
1216 1119 1257 1181 ad·

99 1204 259 1283 probasset
285 1211 419 1266 eventus.
467 1205 530 1268 lioc
557 1202 705 1267 bellorum
733 1205 863 1267 civilium
883 1204 1097 1267 Macedonibus
1128 1213 1165 1268 et·
1184 1221 1257 1267 omen

48 1305 83 1356 ao
100 1298 131 1351 et
152 1290 330 1368 principium
354 1289 420 1351 luit.
464 1288 613 1367 Meleager
635 1306 705 1351 sero
726 1288 879 1353 intellecta
901 1287 1007 1351 iraude
1022 1289 1185 1351 Perdiccae
1204 1299 1264 1352 tum-

100 1373 234 1453 quidcm,
258 1375 327 1453 quia
350 1374 446 1451 ipsius
467 1375 588 1452 corpori
610 1375 653 1436 ris
675 1390 735 1435 non
757 1372 965 1453 adimebatur,
993 1375 1024 1436 in
1047 1375 1166 1453 agmine
1186 1376 1257 1452 quio·

48 1473 81 1526 ιι
99 1466 147 1519 tua
168 1458 264 1518 stetit:
295 1465 325 1518 at
346 1475 416 1519 mox
439 1457 576 1522 damnata
605 1475 659 1537 spe
686 1458 803 1529 salutis,
830 1475 899 1519 cum
929 1461 995 1520 eius
1015 1458 1155 1528 nornine,
1183 1474 1257 1536 queat

97 1543 161 1620 ipse
182 1541 295 1602 iecerat
317 1557 434 1618 regem,
462 1542 494 1605 in
516 1544 683 1621 perniciem
704 1560 789 1603 snam
811 1541 962 1603 abutentis
984 1542 1100 1605 videret
1122 1544 1257 1611 inimicos,

99 1624 232 1703 confugit
258 1626 290 1686 in
319 1625 479 1705 templum:
514 1644 548 1686 ao
576 1643 614 1686 ne
647 1625 707 1690 loci
740 1627 860 1707 quidem
892 1625 1037 1704 religione
1058 1625 1199 1688 defensus
1218 1643 1258 1687 oc·

99 1708 217 1771 ciditur.

616 1879 693 1940 Cae.
717 1877 753 1938 X.

66 2028 80 2076 1
183 2010 325 2075 Perdicca
359 2011 505 2091 perducto
537 2013 569 2074 in
603 2011 707 2075 urbem
741 2013 875 2074 exercitu
909 2012 1068 2075 consilium
1100 2013 1295 2092 principum30

98 2096 230 2157 virorum
251 2095 370 2168 babuit,
402 2100 435 2158 in
463 2115 523 2177 qno
550 2097 708 2178 imperium
730 2098 770 2159 ita
792 2096 882 2157 dividi
904 2095 1030 2175 placuit.
1062 2105 1096 2158 ut
1123 2114 1178 2158 rex
1203 2098 1261 2177 qni-

98 2179 165 2240 dem
189 2198 334 2242 summam
358 2182 423 2242 eius
446 2179 612 2258 obtineret,
634 2188 767 2262 satrapes
788 2180 978 2243 Ptolomaeus
999 2182 1124 2260 Aegypti
1145 2183 1219 2245 esset
1238 2191 1263 2242 ct

63 2263 214 2328 eiirtcae
245 2267 393 2341 gentium,
423 2283 499 2344 quae
527 2268 559 2326 in
587 2266 703 2328 dicione
735 2274 837 2328 erant:
866 2264 1060 2328 Laomedonti
1088 2265 1175 2346 Syria
1202 2282 1263 2326 com

98 2346 246 2408 Phoenice
270 2347 336 2407 data
371 2357 428 2419 est,
460 2348 597 2411 Philotae
620 2348 722 2411 Cilicia
754 2349 914 2420 destinata,
948 2349 1066 2430 Lyciam
1093 2368 1162 2411 cnm
1184 2350 1263 2410 Pam·

99 2429 197 2512 phylia
230 2439 259 2491 et
290 2432 403 2493 maiore
426 2433 553 2514 Phrygia
581 2433 717 2496 obtinere
750 2436 850 2496 iussus
873 2436 1056 2512 Antigonus,
1091 2437 1124 2496 ln
1153 2432 1263 2497 Cariam

97 2655 223 2716 gensatz:
236 2646 394 2703 Perdiccae
406 2650 552 2706 instinctu.
563 2679 592 2688 -
603 2652 615 2705 i
619 2667 656 2704 n-

98 2717 290 2772 ducturum.
328 2714 418 2771 Schon
439 2715 529 2772 Livius
548 2717 594 2773 bat
613 2718 657 2773 die

96 2782 199 2838 Phrase
216 2783 354 2838 inducere
376 2786 475 2850 copiae
497 2785 655 2850 iubertet,

98 2850 231 2906 wabrend
256 2849 300 2904 boi
323 2849 406 2906 Casan
431 2851 490 2907 sich
518 2869 571 2907 nur
590 2852 655 2907 Var-

96 2916 253 2984 hindungen
272 2916 363 2972 finden
376 2918 431 2974 wie
446 2920 504 2975 ind.
516 2921 548 2973 in
561 2936 655 2985 agros,

95 2986 252 3106 {Silili
265 2984 657 3118 '‘itt-‘'bantttttt·

96 3119 306 3172 autumarent.
534 3096 543 3119 '

130 3204 170 3256 1⁷.
188 3202 657 3266 capraerantiooewiee.1e.

97 3272 128 3320 l't
146 3282 186 3323 ex
205 3283 303 3334 praes.
326 3271 423 3325 tutius.
464 3270 524 3337 llgl.
546 3265 656 3325 ἐκτῶν

94 3329 245 3402 παρόντων
254 3326 351 3388 iudea
363 3354 412 3403 μοι
423 3328 654 3404 ἆναγκαιότατον

94 3402 158 3471 bys.
185 3403 213 3458 in
238 3401 310 3457 Erat.
338 3407 361 3456 9.
385 3431 418 3440 -
440 3420 574 3460 monere
600 3406 655 3462 wie

94 3471 265 3526 anderwarts
278 3477 430 3538 temptare,
450 3475 582 3539 cooperiri
590 3473 654 3597 (or-

95 3543 201 3593 tanam.
228 3536 286 3603 vgt
299 3553 397 3594 unser:
417 3539 476 3596 ‘dos
490 3540 577 3597 Gldclr
610 3558 653 3599 er·

94 3603 279 3661 auslordern’.

25 3693 27 3697 ⁴
129 3691 169 3739 18.
189 3688 371 3753 obnoxios,
398 3707 432 3745 au
459 3697 594 3759 erganzen
617 3693 653 3748 iat

94 3755 171 3810 wohl
193 3755 259 3818 sibi,
285 3778 321 3802 ==
347 3758 494 3821 ‘wehrlos
521 3760 549 3814 in
576 3760 652 3815 aeine

93 3821 182 3877 llaeht
201 3822 344 3889 gegeben’.
361 3853 394 3862 -
418 3840 462 3881 erc
483 3829 652 3883 contione.

94 3888 121 3945 S.
141 3889 211 3945 oben
230 3893 253 3944 6.
271 3894 314 3946 tt.

129 3977 169 4029 19.
186 3973 222 4028 id
238 3975 331 4056 modo
350 3974 420 4056 dnh.
438 3991 492 4030 nur
509 3977 554 4033 die
567 3976 652 4033 blass-

93 4040 653 4177 reilluminattertulli

92 4172 356 4243 beanspruchen
395 4177 449 4233 als:
489 4177 652 4234 anerlen-

93 4254 163 4295 nen.

126 4327 167 4376 20.
191 4331 258 4381 tum
287 4328 422 4393 guidem
447 4350 481 4371 =
507 4323 572 4381 adae
597 4326 652 4396 μὲν

709 2649 848 2773 είίῡῶοεξέη
866 2649 1067 2718 Augenbliclr’).
1103 2650 1262 2719 Gegensatz:

742 2806 784 2857 at.
811 2803 983 2860 damnata.
1028 2800 1065 2858 So
1094 2802 1167 2859 oben
1190 2808 1213 2857 1.
1234 2805 1263 2884 tt

707 2886 817 3017 titt
831 2870 1107 2994 ‘iib‘tai'iiili
1120 2887 1264 2994 nitet

708 3019 799 3060 semer
812 3004 986 3073 Ermordung
1004 3003 1110 3060 erzahtr
1129 3004 1156 3061 C.
1178 3005 1262 3061 allein.

920 3119 990 3177 uu.
1007 3119 1041 3177 X.

741 3243 764 3296 1.
783 3241 981 3297 indicione.
1019 3239 1078 3308 Vgl.
1097 3242 1122 3296 6.
1135 3246 1160 3296 u.
1179 3246 1195 3294 9
1212 3258 1264 3297 om·

706 3307 768 3370 nia,
781 3321 853 3374 guae
864 3307 988 3375 suerunt
998 3309 1030 3362 in
1043 3308 1157 3364 dicione
1168 3308 1263 3364 Darei.

707 3373 832 3454 Genauer
865 3375 964 3453 Argian
997 3373 1084 3454 (succ.
1109 3375 1198 3455 ‘Alere
1226 3375 1264 3455 52:

705 3441 799 3507 Λιβνη
824 3441 874 3494 καὶ
897 3457 950 3520 quot
972 3444 1024 3507 τῆς
1047 3443 1189 3510 Αραβων
1216 3461 1265 3510 γης

705 3503 815 3575 §drapo
841 3506 984 3578 Αἰγυπτῳ.
1021 3508 1182 3566 Ptolemans
1209 3527 1265 3566 war

704 3574 795 3643 Kbnig
812 3593 867 3631 von
885 3578 1032 3656 Aegypten
1050 3593 1105 3632 von
1124 3581 1264 3632 aaa-283.

705 3671 739 3680 -
756 3641 907 3711 Uebrigens
920 3651 1025 3699 strmmt
1041 3643 1070 3699 in
1087 3643 1139 3700 den
1160 3644 1264 3713 iolgen·

705 3707 758 3764 den
775 3710 908 3778 Angaben
927 3709 954 3764 C.
975 3711 1029 3767 last
1046 3711 1202 3780 durcbweg
1219 3712 1265 3766 mit

704 3775 808 3834 liiodor
836 3795 864 3832 u.
893 3777 1002 3840 Arrian,
1033 3778 1061 3833 in
1089 3779 1139 3834 der
1164 3777 1264 3847 Haupt·

705 3845 786 3899 sache
804 3845 875 3900 auch
893 3845 944 3899 mit
961 3844 1052 3903 lustin
1070 3845 1196 3904 ilberein.

737 3932 762 3986 2.
784 3927 1022 3991 Laomedonti,
1049 3929 1140 3986 einem
1163 3929 1265 3987 Brnder

705 3995 752 4050 des
779 3994 935 4063 gelallenen
961 3997 996 4062 (8.
1013 3999 1038 4051 2,
1059 3997 1105 4061 40)
1128 3996 1175 4052 Er'
1215 3997 1264 4052 ius.

703 4060 738 4119 us
763 4062 860 4119 indert
883 4063 942 4118 sich
965 4062 1100 4132 plbtzlich
1123 4064 1168 4121 die
1212 4071 1264 4120 atz-

704 4128 785 4186 lorm.
811 4158 846 4166 —
870 4130 1044 4188 Philotae.
1091 4130 1159 4187 Eine
1189 4139 1264 4187 sonst

704 4197 781 4253 nicht
806 4197 906 4253 weiter
931 4196 1068 4254 bekannte
1090 4198 1262 4254 Persbnlich·

704 4263 1262 4332 teia-»Ammoneohisdahinnaon

704 4331 1261 4400 ArrianStatthaltervonGross-Pbry·
