2752 4776
317 246 558 297 ursaonmuun
580 246 786 294 cedrenum
808 246 905 311 vnn,
927 243 953 293 4.
1158 228 1220 294 173

48 402 181 483 Gangen
204 420 320 465 amnem
343 410 388 472 et,
416 421 492 483 quae
513 402 592 465 ultra
615 411 728 469 essent,
758 412 892 463 coactum
918 403 1134 473 transmittere,
1161 421 1222 465 nou
1240 417 1273 467 17

49 494 154 550 tamen
176 488 293 559 linisse,
316 487 368 549 sed
383 496 512 549 mutasse
534 487 654 549 bellum.
691 487 844 548 Indomitis
866 486 1005 564 gentibus
1023 505 1055 548 se
1077 487 1220 559 obiectos,

49 582 86 635 ut
113 572 261 651 sanguine
294 590 347 633 suo
381 574 531 653 aperirent
564 573 592 634 ei
620 570 780 633 Oceanum.
830 571 921 632 Trahi
950 580 1032 632 extra
1061 573 1160 633 sidera
1193 583 1223 634 et
1241 587 1273 636 18

51 656 148 721 solem
175 658 301 735 cogique
335 656 431 727 adire,
467 674 542 734 quae
571 656 737 717 mortalium
772 654 865 716 oculis
898 665 1003 717 natura
1035 656 1221 719 subduxerit.

52 742 144 805 Neris
165 742 327 803 identidem
349 745 440 803 armis
462 760 555 803 novos
577 743 680 803 hostes
702 741 840 802 existere.
879 740 958 811 Quos
980 749 1013 803 ut
1028 760 1132 803 omnes
1152 744 1221 804 iun·

54 828 125 889 dunt
146 826 323 906 lugentque,
347 827 426 904 quod
448 828 613 905 praemium
635 828 715 905 ipsos
738 826 879 887 maneret
902 825 1060 903 caliginem
1083 846 1117 887 ac
1139 835 1222 888 tene·

54 911 125 975 bras
152 917 182 971 et
214 918 389 991 perpetuam
417 918 534 973 noctem
561 911 709 992 profundo
737 910 927 972 incubantem
955 914 1046 980 mari,
1074 911 1222 989 repletum

54 996 219 1059 inmanium
241 995 397 1056 beluarum
420 996 560 1074 gregibus
587 996 712 1066 fretum,
741 994 901 1056 inmobiles
923 996 1031 1065 undas,
1062 997 1093 1056 in
1116 995 1222 1076 quibus

54 1082 207 1143 emoriens
229 1088 334 1142 natura
357 1080 509 1142 deiecerit.
554 1081 617 1141 Rex
639 1098 698 1140 non
721 1098 790 1149 sua,
813 1080 864 1141 sed
881 1080 1007 1141 militum
1023 1079 1222 1142 sollicitudine
1241 1093 1273 1141 ts

55 1168 161 1228 auxius
177 1168 316 1227 contione
332 1166 470 1227 advocata
494 1166 597 1236 docet,
620 1163 746 1226 inbelles
769 1182 848 1234 esse,
873 1184 946 1244 quos
962 1173 1105 1226 metuant.
1143 1164 1223 1225 Nihil

55 1250 164 1313 deinde
180 1258 302 1329 praeter
315 1251 370 1311 bas
384 1260 488 1329 gentes
504 1249 636 1321 obstare,
659 1250 818 1329 quominus
839 1259 986 1311 terrarum
1002 1253 1095 1329 spatia
1104 1253 1224 1319 ,emensi

55 1334 205 1397 adfinem
232 1334 321 1395 simul
354 1335 458 1396 mundi
490 1334 683 1414 laborumque
715 1336 896 1415 perveniant.
940 1335 1069 1397 Cessisse
1101 1352 1133 1396 se
1164 1333 1223 1396 illis
1240 1344 1274 1393 20

55 1418 256 1483 metuentibus
279 1421 400 1498 Gangen
423 1428 452 1480 et
474 1419 695 1481 multitudinem
717 1421 883 1490 nationum,
907 1438 982 1499 quae
1005 1418 1082 1479 ultra
1105 1437 1222 1481 amnem

54 1510 170 1567 essent:
195 1502 359 1566 declinasse
381 1506 438 1565 iter
460 1524 513 1573 eo,
543 1503 595 1566 ubi
616 1523 671 1583 par
694 1504 804 1581 gloria,
828 1505 927 1565 minus
948 1504 1113 1583 periculum
1136 1513 1222 1566 esset.

54 1589 117 1651 lem
138 1592 314 1669 prospicere
342 1608 375 1650 se
397 1589 563 1659 Oceanum,
591 1590 649 1649 iam
677 1589 805 1668 perllare
828 1590 864 1650 ad
887 1593 968 1669 ipsos
996 1607 1099 1650 auram
1122 1593 1223 1650 maris.
1241 1598 1274 1647 21

54 1672 100 1735 Ne
134 1673 305 1735 inviderent
336 1673 394 1735 sibi
430 1672 562 1743 laudem,
602 1692 689 1752 quarn
722 1681 850 1752 peteret.
900 1673 1037 1735 Herculis
1065 1683 1095 1734 et
1123 1673 1224 1734 Liberi

54 1758 152 1819 Patris
181 1759 326 1819 terminos
350 1761 533 1820 transituros
555 1756 638 1825 illos,
667 1760 733 1835 regi
755 1777 809 1819 suo
831 1776 922 1837 parvo
950 1759 1090 1836 inpendio
1112 1760 1224 1819 inmor-

55 1842 200 1905 talitatem
238 1843 333 1904 lamae
370 1843 499 1904 daturos.
554 1843 730 1903 Paterentur
763 1862 795 1905 se
829 1860 865 1903 ex
897 1842 980 1903 India
1011 1843 1124 1917 redire,
1163 1860 1223 1903 non

55 1928 170 2007 lugere.

141 2011 246 2073 Omnis
269 2012 426 2073 multitudo
450 2019 479 2073 et
506 2013 633 2073 maxime
656 2010 793 2073 militaris
814 2010 919 2071 mobili
947 2012 1060 2091 impetu
1089 2011 1223 2071 effertur.
1242 2019 1275 2067 ee

10 2090 103 2157 ltin
123 2096 279 2159 seditionis
301 2114 360 2156 non
383 2096 516 2159 remedia
539 2114 626 2174 quarn
648 2098 796 2176 principia
818 2098 929 2157 maiora
945 2104 1023 2156 sunt.
1067 2095 1134 2157 Non
1153 2096 1224 2156 alias
1242 2103 1276 2151 ²3

57 2190 119 2243 mm
145 2179 245 2243 alacer
274 2176 385 2242 clamor
418 2181 455 2242 ab
484 2184 619 2241 exercitu
649 2189 694 2242 est
725 2180 859 2241 redditus
890 2180 1073 2252 iubentium,
1102 2180 1226 2242 duceret

56 2266 103 2327 dia
133 2265 272 2327 secundis
302 2275 502 2347 aequaretque
535 2265 644 2344 gloria,
679 2283 753 2342 quos
786 2264 993 2327 aemularetur.
1039 2266 1145 2326 Laetus
1177 2265 1225 2327 bis

55 2349 320 2413 adclamationibus
343 2350 378 2411 ad
404 2351 506 2411 hostes
532 2353 670 2428 protinus
692 2357 787 2411 castra
810 2352 909 2411 movit.
953 2349 1156 2411 Validissimae
1177 2351 1225 2410 ln·
1243 2354 1277 2403 24

55 2436 162 2497 dorum
178 2442 283 2513 gentes
298 2443 383 2495 erant
399 2443 427 2496 et
449 2435 559 2496 bellurn
574 2437 692 2514 inpigre
707 2435 854 2514 parabant
869 2435 1033 2512 ducemque
1049 2454 1085 2496 ex
1106 2437 1226 2496 natione

56 2520 257 2583 Sudracarum
280 2527 428 2598 spectatae
454 2522 571 2581 virtutis
593 2518 759 2598 elegerant:
788 2522 839 2599 qui
865 2518 922 2581 sub
944 2519 1096 2582 radicibus
1117 2522 1225 2580 montis

91 2758 132 2811 1‘1.
162 2756 422 2820 transmittere,
454 2762 529 2823 poet.
559 2755 616 2811 und
667 2752 737 2809 habe
766 2753 848 2808 ihuen
875 2753 1046 2822 geoplert,
1081 2755 1164 2809 ihnen
1191 2770 1226 2809 zu

56 2821 163 2879 nachcl.
185 2845 219 2865 =
238 2827 385 2888 praeter„
408 2826 543 2878 omittere.
580 2823 615 2879 So
667 2820 749 2877 Liehe
787 2822 966 2889 anigegeben.
1021 2822 1050 2877 ln
1091 2821 1226 2889 gleichem

56 2891 202 2955 transire,
225 2887 296 2945 Cael.
313 2888 358 2945 bei
379 2889 432 2945 Cic.
452 2906 514 2959 epp.
531 2893 556 2942 8.
576 2895 615 2942 11.
668 2888 751 2944 Sinne
769 2891 871 2946 cedere
889 2890 985 2957 aliqua
1003 2905 1035 2944 re
1053 2893 1077 2941 6.
1096 2893 1120 2945 6.
1138 2894 1179 2942 33.

56 2962 82 3015 4·
102 2986 137 2997 -
160 2957 222 3013 see
246 2964 398 3013 mutasse
424 2981 458 3001 =
485 2958 615 3014 ‘sondern
701 2977 742 3028 m.
764 2972 934 3030 Herculis
956 2981 989 3030 et
1011 2974 1142 3040 Liberi,
1162 2992 1184 3030 s.
1202 2979 1226 3027 e.

57 3042 111 3083 nur
123 3024 173 3081 eui
184 3024 228 3079 ein
241 3025 355 3081 anderes
369 3023 464 3080 Gebiet
476 3026 616 3093 gespielt’.
668 3044 709 3093 10.
727 3046 751 3094 5.

92 3122 132 3173 18.
162 3123 267 3173 extra
295 3119 417 3174 sideru
443 3125 475 3174 et
502 3119 616 3175 solem.
704 3128 1139 3185 aeetmomimemilitaris.
1168 3127 1227 3183 bie-

57 3184 83 3241 S.
100 3190 126 3243 3.
144 3188 170 3241 8.
188 3213 223 3223 -
240 3186 453 3242 subduxerit
471 3187 524 3242 wie
542 3203 618 3243 sum·
671 3192 766 3248 selben
793 3194 890 3251 Worte
912 3200 935 3248 6.
959 3200 983 3249 9.
1005 3200 1034 3248 6..
1051 3227 1083 3235 -
1113 3196 1168 3253 Itu
1194 3220 1228 3241 =

56 3258 186 3310 moverat
211 3256 236 3308 6.
261 3257 303 3309 22.
353 3254 445 3310 Geuau
480 3255 619 3311 disselben
669 3263 778 3329 itaque,
798 3265 931 3328 ‘somit’‚
950 3265 1005 3321 wie
1022 3269 1046 3321 ’1.
1066 3270 1088 3317 1.
1107 3270 1141 3319 30
1158 3284 1186 3322 u.
1202 3269 1227 3320 c.

57 3320 158 3387 Worte
192 3319 283 3375 finden
317 3322 377 3376 sich
410 3321 481 3377 beirn
515 3322 619 3379 Rhetor
670 3358 703 3366 —
732 3332 894 3389 remedia.
937 3331 1045 3390 Ebenso
1078 3339 1118 3389 10.
1144 3338 1168 3389 2.
1194 3338 1225 3383 11

57 3384 523 3470 Seneca(suas.1).u-·ermis,
548 3390 618 3446 doch
670 3397 698 3449 in
733 3398 868 3464 gleiehem
903 3400 1160 3466 Zusammenhange·
1195 3428 1228 3436 -

56 3455 136 3513 wohl
159 3455 288 3535 llatrv'=
310 3455 368 3510 ‘fur
393 3457 454 3512 thre
475 3458 553 3511 mehr
579 3458 618 3512 als
670 3469 815 3531 maiora,
851 3467 1036 3533 zeugmatiseh
1074 3469 1144 3521 auch
1182 3466 1230 3521 aul

58 3522 160 3580 elumal
172 3522 275 3578 herens
295 3531 426 3579 erneuten
441 3523 557 3578 Wallen’
571 3526 619 3579 mit
671 3534 797 3588 remedie
826 3550 859 3586 zu
885 3533 1027 3596 beziehen,
1059 3551 1117 3589 was
1148 3550 1227 3589 urnso

57 3590 233 3671 Anspielung
255 3590 303 3646 auf
325 3591 372 3646 das
390 3596 414 3647 3.
432 3595 463 3642 21
486 3591 619 3651 Erzuhlte.
671 3601 795 3666 weniger
818 3600 880 3655 hart
902 3601 951 3663 ist,
977 3601 1016 3656 als
1038 3618 1100 3656 man
1122 3600 1229 3668 itiglieh

56 3686 91 3697 ··
113 3658 315 3725 Caltdmem,
343 3666 404 3714 ents
426 3659 544 3714 rechend
572 3660 620 3714 der
671 3684 725 3723 von
738 3669 825 3722 einern
837 3685 958 3734 pervum
971 3670 1075 3723 remed.
1094 3670 1229 3738 sprechen

58 3726 249 3807 huschauupg
266 3732 353 3805 extre
370 3729 397 3782 si
416 3743 468 3782 ere
486 3734 512 3782 et
526 3727 621 3807 solem·
672 3733 783 3791 honnte.
812 3735 871 3789 blan
884 3735 1011 3790 vermisst
1022 3737 1065 3790 ein
1080 3736 1228 3792 beschran-

58 3822 91 3833 —-
109 3809 288 3850 emoreens
309 3809 363 3848 wre
385 3800 465 3850 terra
483 3800 622 3851 emeretur
672 3800 774 3858 lendes
790 3802 856 3870 serg
873 3825 907 3845 =
925 3804 1131 3871 rgewfihnlichz

57 3864 84 3917 4·
115 3866 140 3918 ⁷·
171 3865 211 3915 1⁰·
258 3862 297 3917 zu
327 3861 469 3927 defecerit
496 3887 529 3906 ²
565 3861 621 3918 ‘die
706 3892 747 3942 23.
774 3887 977 3953 iubentium,
1008 3882 1082 3939 κατὰ
1114 3882 1228 3940 σύνεσίν

58 3928 139 4049 {lia}
163 3928 293 4052 Vffifflffi
320 3928 400 3984 ¹¹³¹'e’
437 3930 544 4012 1813·
576 3935 621 3993 ¹⁰3
673 3954 864 4034 lairiubentie
883 3954 1229 4034 Dieiolgendeflonjunk-

79 4040 85 4052 ·
140 4040 147 4052 ·
222 3999 539 4064 0¹¹⁵⁰n⁰mmd0³m²b
559 3998 620 4053 3⁰¹¹·
674 4020 903 4078 trveonstruktron
927 4038 1015 4090 genau
1038 4038 1093 4079 wre
1116 4027 1139 4079 6.
1160 4027 1226 4078 4,1.

61 4080 133 4121 ⁸⁰³³·
152 4069 176 4117 1·
671 4116 704 4126 -
722 4094 839 4145 eastre
857 4093 971 4156 movit,
991 4091 1066 4145 nicht
1084 4090 1136 4146 viel
1150 4090 1229 4145 mehr

96 4162 136 4216 19.
158 4159 275 4225 spatia
302 4157 357 4214 ‘dle
378 4159 506 4217 Weiten’.
547 4159 573 4215 S.
596 4163 619 4214 2.
670 4156 710 4211 als
729 4151 863 4225 ὡρμήθη,
882 4152 1053 4224 reperiissem.

63 4226 95 4277 1⁷
110 4228 214 4294 spatio.
704 4245 745 4297 24.
766 4243 941 4309 parebant
1038 4244 1227 4309 elegerunt.

95 4314 136 4368 20.
162 4313 318 4367 cessisse
352 4312 432 4368 illis.
477 4310 556 4366 Sinn:
590 4328 619 4368 er
669 4309 716 4366 bie
734 4310 849 4367 Periode
866 4311 902 4367 ist
921 4312 996 4367 nicht
1014 4314 1092 4366 recht
1110 4318 1159 4379 gut
1181 4328 1227 4377 ge·
