2752 4776
109 261 152 326 72
560 263 594 327 Q.
614 262 726 315 GURTI
743 262 835 315 RUFI

112 433 277 512 castrisque
299 433 387 495 motis
410 441 440 493 et
461 433 587 512 Pyramo
609 450 697 494 amne
726 439 817 512 ponte
839 433 940 493 iuncto
964 431 1001 492 ad
1022 429 1129 492 urbem
1157 431 1278 493 Mallum

76 520 260 597 operrenit,
283 516 353 579 inde
374 516 477 579 alteris
499 518 604 579 castris
625 517 663 578 ad
685 516 827 596 oppidum
842 514 1024 578 Catabolum.
1052 514 1098 577 lbi
1120 516 1281 579 Parmenio

113 604 176 680 regi
204 604 349 664 occurrit:
382 604 564 681 praemissus
596 608 662 663 erat
688 601 725 661 ad
758 599 972 679 explorandum
999 601 1057 662 lter
1084 600 1192 671 saltus,
1224 619 1282 680 per

77 705 200 766 aquem
221 687 258 748 ad
280 686 386 749 urbem
413 687 495 748 lsson
517 687 637 749 nomine
663 685 880 765 penetrandum
907 690 980 746 erat.
1023 686 1118 763 Atque
1145 683 1196 746 ille
1214 703 1278 747 au·

112 772 215 849 gustiis
237 773 302 835 eius
324 773 475 849 occupatis
497 778 526 831 et
548 770 696 851 praesidio
719 770 836 831 modico
857 768 963 830 relicto
984 767 1071 829 Isson
1093 785 1212 848 quoque
1227 769 1282 830 de·-

111 863 221 917 sertam
244 855 411 938 abarbaris
427 863 558 935 ceperat.
586 854 658 915 lude
673 869 850 932 progressus
868 853 1045 922 deturbatis,
1069 856 1121 933 qui
1135 855 1279 915 interiora

112 942 256 1001 montium
279 939 470 1007 obsidebant,
494 938 649 1018 praesidiis
671 948 777 999 cuncta
799 938 927 999 lirmavit
941 946 1145 1017 occupatoque
1159 939 1279 1008 itinere,

77 1043 94 1093 8
112 1027 189 1086 sicut
211 1023 299 1105 paulo
322 1032 391 1086 ante
413 1025 525 1086 dictum
548 1030 606 1093 est,
629 1022 709 1083 idem
731 1030 762 1084 et
776 1029 879 1083 auctor
894 1029 923 1082 et
938 1024 1056 1082 nuntius
1070 1023 1161 1083 venit.
1194 1023 1283 1085 lsson

112 1108 220 1169 deinde
243 1128 295 1169 rex
318 1109 417 1187 copias
439 1108 584 1168 admovit:
608 1106 660 1168 ubi
682 1106 807 1168 consilio
822 1104 937 1174 habito,
961 1114 1100 1167 utrumne
1115 1106 1193 1168 ultra
1207 1125 1279 1186 pro·

113 1193 306 1269 grediendum
330 1193 421 1263 loret,
451 1192 552 1253 anibi
575 1191 749 1271 opperiendi
773 1198 873 1252 essent
893 1192 962 1251 nori
984 1189 1107 1260 milites,
1137 1209 1214 1271 quos
1244 1208 1281 1250 ex

112 1276 284 1337 Macedonia
306 1276 465 1337 adventare
488 1275 655 1346 constabat,
679 1276 836 1337 Parmenio
858 1294 918 1336 non
941 1272 1031 1335 alium
1047 1273 1144 1335 locum
1164 1274 1286 1354 proelio-

78 1378 94 1426 9
113 1361 258 1438 aptiorem
279 1378 345 1421 esse
368 1360 516 1422 censebat.
547 1361 662 1441 Quippe
678 1359 737 1420 illie
752 1361 908 1438 utriusque
930 1361 1009 1437 regis
1031 1360 1131 1438 copias
1153 1376 1285 1420 numero

112 1444 226 1504 luturas
248 1461 349 1523 pares,
373 1463 441 1506 cum
464 1447 617 1523 angustiae
638 1444 856 1505 multitudinem
871 1461 930 1504 non
946 1452 1102 1522 caperent:
1127 1441 1284 1521 planitiem

111 1529 183 1608 ipsis
205 1545 385 1609 camposque
409 1547 474 1590 esse
497 1529 644 1598 vitandos,
669 1528 720 1589 ubi
742 1529 908 1598 circumiri,
931 1527 983 1588 ubi
1004 1527 1126 1608 ancipiti
1147 1530 1212 1591 acie
1227 1544 1281 1607 op·

112 1614 199 1692 primi
222 1623 354 1691 possent.
395 1612 528 1683 Timere,
558 1632 597 1674 ne
625 1632 685 1674 non
714 1615 822 1674 virtute
849 1612 994 1680 hostium,
1027 1611 1079 1672 sed
1106 1611 1282 1674 lassitudine

112 1713 166 1758 sua
194 1698 399 1758 vincerentur:
436 1697 543 1759 Persas
571 1704 707 1761 recentes
734 1696 860 1758 subinde
894 1713 1098 1771 successurus,
1132 1696 1159 1759 si
1186 1695 1283 1759 laxius

65 1793 96 1842 ιο
115 1789 194 1841 stare
221 1783 395 1860 potuissent.
441 1780 541 1843 Facile
568 1784 644 1843 ratio
673 1790 733 1842 tam
766 1779 895 1847 salubris
923 1779 1040 1841 consilii
1075 1788 1198 1861 accepta
1225 1789 1281 1843 est.

113 1864 216 1945 ltaque
238 1868 317 1927 inter
339 1869 490 1945 angustias
512 1865 602 1927 saltus
624 1866 742 1928 hostem
764 1865 897 1945 opperiri
919 1866 1030 1926 statuit.

62 1965 93 2012 11
199 1951 271 2011 Erat
291 1952 322 2011 in
351 1953 483 2014 exercitu
510 1953 590 2030 regis
622 1952 742 2013 Sisenes
763 1950 880 2011 Perses.
925 1947 1081 2018 Quondam
1103 1966 1120 2008 a
1142 1956 1281 2028 praetore
1295 1952 1326 2019 18

114 2035 238 2114 Aegypti
263 2036 370 2097 missus
392 2035 428 2097 ad
450 2034 620 2116 Philippum
642 2035 787 2114 donisque
809 2042 839 2095 et
860 2035 942 2094 omni
963 2033 1079 2095 honore
1100 2031 1198 2101 enltus
1218 2035 1280 2103 exi·

113 2117 185 2179 lium
208 2121 304 2198 patria
324 2119 395 2181 sede
418 2128 595 2182 mutaverat:
630 2126 749 2181 secutus
771 2116 879 2180 deinde
901 2120 932 2179 in
953 2117 1052 2179 Asiam
1081 2117 1284 2185 Alexandrum

62 2215 94 2263 12
112 2204 191 2264 inter
214 2202 315 2264 lideles
337 2206 434 2266 socios
457 2203 631 2266 habebatur.
676 2204 752 2263 Huic
775 2201 929 2282 epistolam
953 2201 1103 2263 Cretensis
1125 2197 1215 2264 miles
1229 2201 1284 2263 ob·

114 2288 260 2362 signatam
288 2287 392 2355 anulo,
431 2289 515 2348 cuius
550 2288 666 2366 signum
695 2285 774 2346 haud
802 2304 874 2347 sane
902 2293 1006 2347 notum
1035 2292 1112 2355 erat,
1150 2286 1283 2348 tradidit.

113 2368 317 2439 Nabarzanes,
347 2378 467 2449 praetor
488 2371 592 2440 Darei,
622 2371 743 2431 miserat
770 2389 834 2431 earn
864 2369 1100 2450 hortabaturque
1128 2369 1282 2440 Sisenem,

113 2460 147 2513 ut
169 2453 290 2532 dignum
312 2452 423 2534 aliquid
450 2453 602 2515 nobilitate
625 2463 713 2532 atque
736 2454 869 2515 moribus
892 2457 954 2516 suis
976 2455 1092 2516 ederet:
1121 2472 1230 2533 magno
1253 2455 1284 2516 id

63 2551 95 2600 13
115 2539 142 2598 ei
165 2538 242 2616 apud
265 2557 367 2618 regem
390 2539 497 2599 honori
518 2539 593 2600 lore.
637 2540 696 2600 Has
719 2538 832 2600 litteras
853 2538 989 2609 Sisenes,
1012 2546 1115 2618 utpote
1133 2540 1284 2610 innoxius,

114 2622 149 2683 ad
172 2622 372 2686 Alexandrum
395 2641 484 2703 saepe
506 2623 624 2685 delerre
646 2625 813 2703 temptavit,
837 2623 890 2683 sed
914 2642 982 2684 cum
1005 2630 1048 2682 tot
1063 2624 1142 2683 euris
1157 2641 1284 2704 appara·

114 2716 205 2785 tuque
228 2707 298 2768 belli
321 2726 423 2788 regern
447 2708 559 2770 videret
581 2710 718 2786 urgueri,
749 2710 845 2787 aptius
874 2707 1000 2768 subinde
1027 2716 1147 2786 tempus
1174 2725 1284 2787 expec-

63 2804 96 2851 14
113 2800 178 2852 tans
199 2794 400 2871 suspicionem
422 2795 487 2854 initi
509 2793 627 2854 scelesti
650 2791 766 2854 consilii
793 2790 938 2870 praebuit.
985 2791 1117 2870 Namque
1145 2793 1282 2871 epistola,

147 2927 169 2978 6.
183 2925 251 2978 iter
263 2925 390 2986 rullus,
403 2921 607 2981 wiemehrlaeh
619 2943 670 2981 nu·
757 2922 1284 2992 10.rutio,llotive,llotivirung;

111 2992 223 3056 rustice
232 2990 333 3052 saltus.
344 2994 400 3047 iter
410 2992 525 3047 collium
534 2991 579 3047 bei
585 2993 669 3053 Curt„
723 2992 824 3049 ebenso
838 2992 912 3049 Caes.
925 2990 951 3046 b.
964 3007 988 3048 c.
1002 2997 1026 3046 3.
1038 2994 1079 3046 86.
1094 2995 1118 3045 2.
1135 3018 1170 3028 -
1186 2994 1286 3048 inter

112 3059 167 3112 iter
184 3058 271 3112 Asiae
288 3056 332 3113 bei
349 3058 439 3114 basar.
467 3059 593 3114 Gemeint
608 3061 669 3115 sind
722 3077 796 3126 nup.
814 3060 861 3115 hat
876 3059 903 3114 C.
922 3057 1034 3113 viermal
1053 3057 1098 3113 lrir
1110 3058 1158 3114 das
1172 3057 1285 3115 ribliehe
1323 3062 1326 3066 '

111 3123 346 3181 wobldieStrand
369 3125 669 3188 assediellilicienron
721 3130 752 3182 iu
769 3130 925 3194 aunuatim:
942 3143 957 3178 r
977 3124 996 3180 l.
1015 3128 1092 3182 iuter
1111 3125 1287 3183 solitudines

112 3191 161 3245 der
173 3190 259 3247 Bueht
273 3208 327 3247 von
343 3142 418 3247 dsus
435 3192 573 3249 schieden.
610 3194 670 3260 Vgl.
721 3197 798 3250 =iu
809 3142 1010 3250 solitudiuidue
1021 3199 1046 3248 4.
1059 3198 1082 3248 ⁷.
1096 3197 1136 3248 le.
1245 3262 1252 3274 .

110 3259 172 3314 Arr.
186 3263 210 3314 2.
223 3262 246 3313 5.
757 3266 797 3316 11.
811 3261 963 3318 Sisenes.
990 3259 1048 3316 Nur
1060 3259 1088 3316 C.
1101 3259 1207 3316 errabit
1225 3261 1284 3318 dre·

144 3356 168 3407 7·
182 3353 539 3409 interiorammwm·
555 3345 668 3420 ffiefflg·
721 3346 769 3385 sen
792 3328 905 3389 Vorlall,
929 3329 966 3384 im
989 3327 1138 3383 Einzelneo
1154 3328 1283 3386 schleeht

121 3504 193 3544 ssus·
721 3479 775 3520 ron
787 3465 916 3531 Σισίνης,
929 3464 990 3542 Arr.
1005 3468 1027 3517 1.
1040 3466 1081 3541 tt,
1096 3462 1142 3542 hat
1153 3479 1207 3517 nur
1220 3464 1284 3542 eine

144 3583 374 3660 sermones.
390 3579 461 3636 uo.
476 3579 576 3650 nen
591 3583 671 3636 novi
721 3529 1284 3666 tltlllttlttttl{titillettitt

109 3647 236 3703 mmm
248 3665 271 3703 S·
286 3652 307 3702 ¹·
322 3653 344 3702 1·
721 3665 1283 3733 externupereqriummutore=ein·

144 3736 168 3784 9.
182 3731 453 3796 multitudinem,
479 3732 554 3789 eine
570 3736 666 3800 gros·
720 3733 852 3790 tausehen
869 3732 921 3798 (re,
937 3748 1026 3801 gegen
1041 3733 1139 3800 etwas)
1154 3732 1283 3789 hatauoh

110 3816 187 3855 sere
220 3799 354 3856 Anzahl.
381 3827 416 3836 -
443 3803 598 3868 ancipiti.
628 3800 665 3856 So
717 3801 821 3864 Livius;
840 3801 935 3857 iuter
950 3802 1064 3857 socios
1081 3799 1284 3856 istnaehclass.

109 3867 226 3924 hraucht
235 3868 322 3924 sehon
333 3866 392 3924 Cis.
402 3884 429 3924 u.
440 3867 504 3924 Sall.
514 3885 540 3924 u.
547 3869 612 3924 sehr
625 3867 667 3924 oit
719 3868 764 3923 hir
781 3870 811 3923 in
823 3871 924 3934 sociis,
942 3869 972 3924 in
993 3870 1136 3924 sociorum
1153 3882 1283 3923 numero.

110 3934 137 3991 C.
155 3951 261 4003 anceps
277 3959 312 3980 =
334 3942 398 3992 ‘ron
416 3936 486 3991 zwei
506 3935 599 3993 Seiten
616 3936 667 3991 ber
754 3940 793 3990 12.
817 3936 910 3992 baud
931 3939 1154 3999 sonenotum,
1174 3938 1282 3990 ‘natur-

110 4001 233 4058 drolrend
248 4004 315 4060 oder
328 4004 466 4066 bedroht’,
485 4003 570 4060 daher
582 4004 665 4059 auch:
718 4004 773 4059 lich
787 4002 873 4071 rdllig
887 4001 1073 4068 unbekannt’;
1091 4000 1281 4058 dberllabarz.

111 4068 315 4132 ‘schwanhend
328 4071 477 4127 unsieher’.
487 4099 521 4108 -
531 4074 557 4126 u·
562 4086 666 4133 mere,
719 4089 741 4127 s.
753 4075 776 4127 5.
790 4075 814 4126 9.
827 4075 852 4127 2.

109 4141 226 4202 ergtme
248 4152 279 4191 re
300 4139 355 4193 und
378 4139 417 4194 ibi
437 4139 473 4194 im
494 4138 665 4207 Polgendem
754 4144 794 4195 13.
812 4135 1064 4205 reperuerunt.
1086 4136 1112 4202 8.
1128 4139 1181 4195 tt:
1201 4143 1281 4192 tem·

109 4202 359 4261 natrirlicherwire
370 4206 418 4262 ubi
428 4209 581 4263 timendum
591 4211 667 4263 erret
715 4211 818 4273 plcre
829 4203 1065 4268 e.ini.,zehnmal
1074 4203 1277 4266 beiC.,s.eben·

108 4270 223 4340 parallel
245 4271 295 4328 mit
316 4272 364 4328 ubi
378 4301 412 4311 -
428 4273 477 4330 ubi
492 4275 528 4328 im
546 4274 666 4330 Vorher-
720 4273 776 4329 das.
790 4270 859 4341 §.34
869 4272 894 4340 β.
908 4301 940 4311 -
951 4273 1122 4340 praebuit.
1139 4271 1188 4326 Alit
1206 4270 1281 4327 dem·

107 4339 259 4406 geheuden.
721 4339 817 4396 selben
829 4338 929 4408 Objelrt
939 4340 1010 4396 auch
1022 4339 1089 4407 Nep.
1103 4343 1143 4394 14.
1157 4343 1197 4394 10.

109 3420 193 3539 fylae
210 3423 366 3477 Amnum
387 3419 479 3489 (8.13)
498 3419 598 3476 551th
616 3438 669 3477 vo„
720 3396 843 3451 motivirt
856 3396 911 3452 und
924 3395 1030 3451 unllar.
1057 3394 1105 3450 Die
1118 3394 1284 3452 Geschiehte
