2752 4776
136 263 197 327 133
582 266 614 327 q.
633 262 743 316 cunm
759 265 848 315 eurr

78 448 113 497 23
131 434 286 511 coniugem
309 435 340 493 in
362 432 412 494 illo
435 450 556 494 carcere
578 433 672 493 amisi.
723 432 840 494 Credite
862 450 942 492 nunc
965 449 1068 492 omnes
1095 432 1151 493 hos
1177 432 1293 495 tendere

131 517 167 578 ad
183 536 234 577 vos
249 535 369 587 manus,
392 517 543 597 inplorare
558 519 671 596 patrios
686 516 771 586 deos,
794 533 881 593 opem
896 524 1038 585 vestram,
1055 517 1293 585 misericordiam,
1321 528 1326 555 ³

130 602 218 662 iidem
247 619 420 681 exposcere,
450 609 483 662 ut
510 600 718 680 compedibus,
753 609 785 661 ut
813 601 971 670 servitute,
999 608 1031 659 ut
1057 603 1196 678 precario
1224 602 1292 662 rictu
1324 652 1326 657 .

129 688 212 765 ipsos
233 684 375 746 liberetis.
419 689 462 746 An
486 686 606 747 creditis
629 702 722 763 aequo
743 686 842 744 auimo
864 685 899 743 iis
921 686 1050 760 servire,
1073 701 1202 762 quorum
1216 702 1293 763 reges
1323 696 1326 723 ²

78 784 113 832 24
130 789 195 831 esse
217 769 388 831 fastidiunt?
438 770 529 832 Video
551 770 701 830 admoveri
728 769 856 829 hostium
880 771 988 830 aciem:
1018 768 1071 830 sed
1098 787 1158 847 quo
1181 771 1292 848 propius

130 855 288 915 discrimen
304 854 428 924 accedo,
452 855 508 915 hoc
524 856 620 915 minus
642 855 692 922 iis,
716 870 791 930 quae
814 854 887 921 dixi,
912 869 1034 932 possum
1046 870 1113 913 esse
1135 859 1289 915 contentus.

129 938 188 998 Per
211 956 266 1017 ego
289 957 340 999 vos
362 938 434 1000 deos
455 940 568 1017 patrios
589 944 804 1015 aeternumque
826 940 942 1015 iguem,
965 939 1015 1016 qui
1037 936 1208 1016 praefertur
1228 936 1289 998 alta·

129 1023 227 1092 rihus,
251 1022 457 1101 fulgoremque
480 1022 551 1082 solis
573 1025 651 1082 intra
673 1023 748 1083 lines
769 1023 855 1098 regni
878 1023 937 1081 mei
960 1022 1096 1091 orientis,
1127 1039 1183 1100 per
1205 1030 1288 1082 aeter·

131 1125 198 1167 uam
234 1109 407 1167 memoriam
436 1107 519 1186 Cyri,
553 1108 603 1186 qui
638 1105 809 1184 ademptum
837 1105 933 1166 hledis
960 1104 1108 1184 Lydisque
1142 1106 1286 1185 imperium

130 1193 243 1269 primus
270 1192 301 1250 in
323 1190 475 1250 Persidem
503 1190 619 1251 intulit:
648 1190 794 1250 vindicate
822 1189 859 1249 ab
882 1189 986 1250 ultimo
1014 1189 1163 1250 dedecore
1191 1205 1287 1250 nomen

78 1282 308 1352 urgentemque
342 1274 510 1335 Persarum.
568 1275 610 1335 lte
644 1274 756 1335 alacres
785 1282 815 1334 et
847 1274 968 1352 spiritus
996 1273 1092 1353 pleni,
1127 1281 1176 1349 ut,
1210 1288 1285 1353 quam

129 1357 254 1434 gloriam
277 1359 433 1436 accepistis
455 1377 472 1418 a
494 1358 655 1420 maioribus
670 1360 788 1428 restria,
812 1359 939 1438 posteris
952 1356 1136 1437 relinquatis.
1173 1356 1208 1419 ln
1227 1356 1285 1416 dex·

130 1443 183 1500 tris
212 1443 318 1501 vestris
350 1444 407 1502 iam
436 1440 621 1512 libertatem,
651 1460 755 1522 opem,
784 1460 869 1521 spem
897 1441 988 1502 luturi
1015 1443 1159 1528 temporis
1186 1440 1282 1519 geritis

129 1525 237 1603 Effugit
252 1533 392 1596 mortem,
416 1527 548 1606 quisquis
563 1528 790 1606 contempserit:
813 1525 1035 1588 timidissimum
1058 1544 1207 1605 quemque
1225 1541 1282 1587 con·
1304 1546 1313 1607 a

77 1626 110 1673 26
129 1612 271 1688 sequitur.
309 1609 375 1686 lpse
398 1629 458 1670 non
480 1613 575 1689 patrio
598 1628 681 1671 more
703 1610 814 1680 solum,
837 1611 1001 1672 sedetiam
1024 1618 1056 1671 ut
1078 1610 1211 1689 conspici
1230 1626 1283 1689 pos
1310 1668 1313 1675 ,

129 1695 199 1762 sim,
223 1712 313 1753 curru
335 1695 425 1754 vehor
447 1713 504 1756 nec
525 1712 649 1766 recuso,
673 1712 732 1772 quo
748 1696 846 1756 minus
867 1696 1024 1755 imitemini
1045 1712 1109 1764 me,
1133 1696 1194 1754 sive
1214 1691 1283 1755 lorti·
1308 1762 1311 1767 ¹

129 1777 239 1838 tudinis
262 1778 431 1856 exemplum
456 1781 516 1840 sive
537 1781 673 1858 ignaviae
694 1779 805 1840 luerol'
1298 1804 1301 1809 ¹

548 1929 551 1935 '
631 1930 708 1991 Cur.
732 1929 790 1989 XV.

95 2048 109 2094 1
213 2032 339 2092 Interim
356 2029 537 2100 Alexander,
560 2040 592 2091 ut
614 2038 643 2093 et
665 2032 899 2092 demonstratum
915 2048 931 2091 a
947 2029 1100 2108 transfuga
1121 2030 1284 2091 insidiarum

127 2113 226 2175 locum
249 2117 422 2177 circumiret
444 2124 473 2175 et
487 2116 597 2184 Dareo,
621 2117 672 2194 qui
692 2133 786 2175 cornu
804 2114 957 2184 tuebatur,
981 2126 1168 2184 occurreret,
1191 2126 1285 2191 agmen
1311 2176 1314 2183 ,

93 2198 282 2275 eohliquum
309 2199 451 2259 incedere
483 2198 577 2259 iubet.
630 2198 743 2260 Dareus
776 2215 894 2278 quoque
922 2198 1026 2259 eodem
1055 2217 1144 2260 suum
1170 2196 1285 2259 ohrerh't

128 2282 220 2341 Besso
242 2281 407 2350 admonito,
437 2291 470 2342 ut
491 2283 670 2360 Massagetas
693 2283 806 2361 equites
828 2285 860 2343 iu
882 2281 997 2344 laevum
1019 2282 1181 2344 Alexandri
1201 2296 1285 2342 cornu

92 2382 110 2430 3
128 2383 150 2426 a
171 2363 263 2425 latere
277 2365 378 2425 invehi
398 2364 524 2426 iuberet.
561 2366 628 2443 lpse
643 2373 711 2427 aute
733 2384 765 2426 se
787 2365 910 2428 falcatos
926 2385 1033 2429 currus
1055 2367 1199 2435 hahebat,
1221 2380 1284 2445 quos

127 2450 212 2524 signo
240 2447 308 2509 dato
331 2451 487 2509 universos
514 2450 544 2508 in
571 2451 688 2510 hostem
716 2449 828 2511 effudit.
877 2451 1015 2512 Ruebant
1044 2450 1147 2512 laxatis
1173 2448 1284 2512 habenis
1310 2456 1313 2461 '

89 2550 110 2597 4
128 2534 261 2610 aurigae,
286 2551 343 2611 quo
366 2533 468 2612 plures
484 2534 618 2596 nondum
641 2536 712 2596 satis
734 2538 854 2614 proviso
869 2537 981 2613 impetu
997 2536 1179 2597 obtererent.
1215 2532 1284 2595 Alios

128 2635 200 2694 ergo
226 2619 330 2678 hastae
358 2618 483 2679 multum
512 2619 589 2679 ultra
616 2626 765 2680 temonem
797 2621 974 2688 eminentes,
1004 2619 1077 2681 alios
1106 2619 1145 2680 ab
1170 2627 1284 2698 utroque

126 2701 219 2763 latere
242 2703 389 2763 demissae
411 2703 503 2763 lalces
524 2703 702 2765 laceravere.
739 2703 801 2763 Nec
816 2704 925 2764 sensim
940 2703 1118 2765 Macedones
1141 2702 1284 2768 cedebant

92 2786 180 2847 ased
210 2787 301 2847 effusa
333 2786 402 2865 luga
432 2787 622 2849 turbaverant
649 2788 780 2849 ordines.
836 2788 970 2848 Mazaeus
1004 2805 1123 2866 quoque
1150 2786 1286 2867 perculsit

126 2879 237 2930 metum
265 2873 392 2931 incussit
418 2870 497 2931 mille
526 2872 674 2952 equitibus
702 2871 738 2933 ad
766 2870 933 2950 diripienda
966 2872 1059 2932 hostis
1091 2873 1287 2951 inpedimenta

128 2954 307 3014 circumvehi
324 2957 425 3024 iussis,
448 2963 546 3025 ratus,
571 2959 702 3036 captivos
725 2973 856 3035 quoque,
880 2958 931 3035 qui
953 2955 1041 3017 simul
1053 2955 1287 3021 adservabantur,
1319 2951 1326 3009 ἕ

91 3046 268 3114 erupturos
290 3038 419 3108 vincula,
449 3059 515 3099 cum
540 3058 608 3101 suos
630 3041 900 3120 adpropinquantes
924 3040 1072 3100 vidissent.
1118 3039 1185 3101 Non
1212 3036 1289 3101 fefel-

126 3119 202 3180 lerat
224 3122 465 3197 Parmenionem,
491 3124 541 3199 qui
563 3125 592 3182 in
616 3123 698 3185 laevo
721 3132 798 3186 erat:
822 3142 951 3204 propere
972 3126 1065 3202 igitur
1086 3124 1290 3203 Polydamanta

160 3306 202 3358 23.
214 3303 348 3359 credite
360 3303 495 3370 =glauht
502 3321 539 3366 es,
549 3304 682 3369 hedenkt;
735 3306 853 3372 vehor,
867 3308 939 3362 donn
953 3324 983 3363 er
995 3307 1094 3377 sprach
1108 3323 1171 3364 vom
1189 3307 1292 3374 Wageu

122 3372 290 3437 precario
303 3388 325 3426 s.
339 3374 362 3426 7.
381 3376 404 3424 1.
422 3399 454 3409 —
472 3373 681 3438 fastidiunt,
736 3371 836 3442 ausig.
849 3376 886 3440 9).

126 3437 231 3492 stolzer
240 3439 421 3506 gesprochen,
432 3437 560 3494 alswenn
567 3441 683 3506 essarti-

125 3505 223 3560 direct
233 3505 339 3567 hiesse;
356 3505 426 3560 dher
443 3505 495 3560 den
508 3506 555 3562 inl.
573 3526 595 3564 s.
612 3507 682 3562 Eiul.
938 3492 1007 3546 ⁰⁰·
1025 3495 1085 3546 XV·

126 3569 153 3638 3.
167 3571 231 3627 ech.
770 3579 791 3628 l.
805 3576 976 3642 obliquum
991 3598 1025 3618 =
1043 3568 1129 3639 λοξὸν
1146 3569 1196 3628 ἐπὶ
1213 3567 1291 3641 δόρυ,

160 3642 200 3692 24.
213 3640 417 3703 discrimen,
432 3640 480 3694 der
492 3656 547 3696 acc.
560 3642 683 3697 indieser
734 3644 808 3705 Arre
837 3644 952 3699 eodem
979 3644 1026 3698 hat
1055 3643 1155 3698 keinen
1180 3643 1292 3698 rechten

126 3704 304 3772 Vorhiudung
316 3706 403 3760 schon
419 3705 463 3761 hei
481 3706 556 3762 Caes.
572 3726 683 3776 -per
736 3707 816 3771 Sinn,
834 3708 930 3765 besser
950 3710 1060 3765 Arriae:
1083 3704 1291 3778 ἀντιπαρῆγεν.

125 3772 547 3841 cpoeos;dieselheStellung
564 3779 588 3830 5.
605 3780 681 3840 8.16,
769 3781 793 3831 2.
821 3777 962 3833 laevum.
1001 3776 1112 3832 lalscn:
1146 3776 1290 3833 vielmehr:

124 3841 180 3896 wie
192 3842 262 3896 auch
276 3840 362 3896 schon
379 3840 423 3897 hei
440 3841 513 3903 Liv.;
538 3844 648 3909 ionem
661 3863 682 3899 s.
734 3844 870 3899 dextrum
882 3860 903 3899 s.
918 3849 956 3899 12.
970 3849 992 3899 7.

123 3913 148 3962 3.
161 3913 218 3962 3.9.
230 3911 385 3973 -intro,
399 3910 426 3963 in
440 3908 500 3964 dem
511 3908 552 3964 bis
564 3926 613 3965 zur
622 3910 683 3967 Ost·
768 3915 791 3965 3.
805 3926 949 3975 currum
968 3927 1101 3978 genauer:
1120 3912 1202 3967 einen
1214 3907 1289 3966 lucil

124 3991 226 4093 frenae
238 3977 336 4030 Asiens
350 3976 517 4033 reichenden
528 3976 620 4032 Laude
633 3978 682 4033 der
734 3978 784 4033 der
796 3978 995 4047 Sichelwagen,
1008 3996 1030 4035 s.
1044 3983 1084 4039 12,
1102 3982 1201 4042 6-11;
1219 3978 1289 4033 lex.

136 4041 211 4095 nder.
235 4047 471 4110 —imperium
545 4046 680 4110 intulit,
733 4044 894 4110 habenis,
908 4048 1202 4114 een-curione,
1216 4042 1290 4113 §.lh

125 4109 303 4172 ungewdhnl.
318 4109 462 4166 Ausdruclr
474 4108 520 4166 lirr
530 4112 683 4168 adPersas
733 4111 799 4166 Zum
812 4110 970 4179 Polgenden
983 4112 1037 4181 vgl.
1050 4117 1074 4168 9.
1087 4118 1111 4168 5.

124 4175 182 4237 de,
196 4178 350 4254 transtulit.
767 4182 791 4232 5.
804 4180 909 4235 simul
918 4181 969 4235 mit
981 4180 1030 4236 der
1041 4180 1156 4248 Bagage,
1169 4198 1192 4237 s.
1205 4182 1290 4235 leco.

160 4245 201 4296 25.
214 4257 249 4295 an
261 4243 412 4305 dextris,
426 4245 682 4310 vgilibertotemin
767 4249 791 4299 6.
804 4248 1007 4303 ostenderet
1022 4271 1056 4291 =
1073 4253 1221 4312 narraret,
1238 4260 1290 4301 ex·

125 4307 239 4364 dextris
252 4316 380 4375 portare,
399 4311 463 4366 Sall.
481 4310 534 4366 Cat.
548 4316 589 4367 58.
607 4316 630 4367 8.
647 4339 681 4350 —
731 4317 852 4377 poneret
862 4314 918 4368 wie
931 4314 1004 4370 diter
1015 4314 1060 4370 hei
1073 4314 1193 4371 Curtius.
