2752 4776
115 286 176 353 182
257 287 290 351 Q.
309 284 421 338 OURTI
437 282 525 338 RUFI
541 281 794 336 mstoituautt
810 279 1024 334 ALEXANDRI
1041 281 1075 346 V,
1095 283 1136 333 13.

113 475 226 519 aureae
246 461 384 528 caenae,
406 458 471 530 quir
493 470 513 514 a
534 455 699 530 parricidis
711 456 826 516 uinctus
844 452 965 528 suerat,
984 452 1201 514 dubitationem
1220 467 1267 513 ex-

112 544 253 604 imebant.
288 541 357 604 Noa
375 546 446 601 erni
457 556 567 616 expers
583 540 692 600 &aeci
710 541 853 600 mmorns
865 538 985 599 Parcus
1004 539 1180 614 yraiarque
1195 553 1266 614 «ape-

112 628 165 688 bat
186 627 259 697 diis,
281 628 335 703 qui
348 631 418 704 post
430 631 516 686 tanta
530 627 612 684 raaia
633 633 750 699 tamque
768 624 879 698 yrania
896 621 1269 684 boctameainbutstrsen

111 715 231 782 solacii,
254 727 291 772 ne
309 713 431 773 manino
446 711 484 775 ¹in
497 709 653 770 solitudine
666 714 829 770 extremum
843 708 979 784 spiritum
991 706 1176 780 effunderet.
1198 707 1274 768 ‘lta-

112 814 170 872 que
191 799 239 867 te’,
265 797 379 872 inquit,
404 795 550 870 ·‘quisquis
570 810 601 855 es
621 795 805 868 nataliam,
828 810 890 870 per
910 806 1097 856 communem
1124 792 1272 854 nominum

110 889 231 951 sortem,
253 896 275 941 a
297 896 357 956 qua
378 897 434 942 nee
453 882 601 941 maxianus
620 895 725 956 reyam
746 887 876 940 caenas
896 893 959 940 aare
982 881 1138 956 praesenti
1154 888 1280 956 specta

106 969 178 1028 ‘culo
197 969 340 1035 moneris,
362 980 438 1040 rapo
463 979 643 1040 quaesoque,
669 971 704 1026 ut
723 964 800 1025 baec
820 963 869 1023 ad
894 964 1105 1025 Alexandnnn
1126 965 1279 1026 mamm

108 1066 175 1112 mea
189 1050 350 1128 perferas:
378 1049 452 1109 nibil
469 1065 588 1119 corma,
611 1065 694 1124 quac
718 1051 804 1123 lanqe
825 1050 990 1110 tristissima
1011 1064 1177 1125 perpessas
1194 1066 1271 1128 mm,

110 1153 149 1196 ne
170 1137 250 1197 burte
263 1136 382 1212 qiidam
396 1133 638 1212 incomparabilis
658 1135 841 1196 calamitatis
861 1134 973 1194 auitum
993 1135 1037 1193 ila
1052 1146 1182 1208 yraocm
1200 1135 1289 1197 milti

108 1222 268 1289 reddisse,
291 1226 325 1280 ut
345 1219 400 1279 boc
420 1234 527 1287 mian,
549 1218 630 1294 qood
646 1223 714 1296 post
732 1224 818 1278 tanta
831 1219 864 1277 in
880 1232 927 1278 me
938 1233 1074 1294 measque
1086 1221 1197 1281 maiia
1215 1221 1290 1281 ad-

108 1321 210 1365 uersus
231 1304 484 1367 clementissimam
505 1305 643 1365 rictorem
662 1304 783 1364 iuimico
806 1303 962 1363 uisendum
986 1305 1049 1379 fuit
1067 1310 1097 1364 et
1113 1320 1200 1367 ‹nuaa
1214 1307 1288 1365 in·-

106 1395 196 1462 yrata
223 1388 407 1449 mmurdum
434 1394 484 1448 est.
532 1386 595 1448 Sed
614 1390 790 1464 —siqua
814 1389 970 1464 pastremis
995 1389 1172 1449 marra-am
1200 1392 1293 1451 uatis

111 1474 195 1549 apud
216 1473 349 1534 deestis
369 1478 427 1546 est,
453 1478 482 1533 et
501 1487 568 1532 erum
588 1473 653 1548 ipso
674 1472 780 1548 spiritu
797 1471 944 1551 prosam
962 1487 1068 1549 macas
1088 1475 1190 1534 mitius
1209 1477 1288 1535 ali-

107 1557 188 1632 quod
213 1573 320 1618 numen
347 1556 474 1618 exaudit
498 1558 607 1616 -iile
633 1557 751 1632 quidem
775 1572 875 1633 sospes
896 1564 924 1618 ct
949 1558 1107 1619 mmlumis
1126 1561 1282 1635 lanaeque

105 1657 202 1718 supra
226 1644 397 1718 contactam
424 1657 507 1702 meae
527 1642 615 1702 sortis
641 1647 670 1702 et
689 1641 831 1702 inuidiam
848 1641 993 1715 fortunae
1012 1643 1126 1718 positus
1146 1645 1179 1704 in
1200 1645 1285 1706 solim

108 1727 181 1801 Cyri
203 1728 363 1800 ylariasam
385 1732 512 1787 actaea
537 1727 642 1801 exiqat
662 1742 793 1801 suaeque
819 1729 936 1788 uirtutis
955 1741 1066 1787 maror
1090 1743 1160 1788 eam
1180 1728 1284 1789 niatrt‘

105 1811 264 1886 liberisque
284 1813 356 1871 mer's
380 1813 476 1874 locum
497 1810 584 1887 apud
603 1826 634 1871 se
655 1826 716 1872 esse
732 1812 886 1887 patiatur,
908 1826 995 1886 quem
1015 1812 1062 1871 illi
1084 1813 1151 1884 ride·
1168 1819 1199 1874 et
1216 1814 1264 1875 ab·

104 1897 205 1969 sequte
229 1897 399 1956 meruerint.
450 1895 490 1956 At
513 1894 690 1971 parricidas
713 1902 882 1971 promptum
907 1896 1032 1956 exitium
1055 1905 1263 1972 canscqtrmur,

104 1982 184 2053 quod
204 1980 378 2041 Alexander
398 1981 563 2055 tnroyaoit
584 1981 613 2040 si
632 1994 690 2038 non
704 1980 909 2041 misericordia
929 1980 1061 2053 infelicis
1080 1981 1181 2051 bostis,
1201 1984 1263 2042 sal·

103 2071 162 2124 tem
184 2065 252 2125 odia
269 2065 458 2137 scammum,
480 2071 510 2125 et
528 2081 567 2123 ne
585 2066 721 2141 inpunita
746 2066 779 2124 in
799 2067 927 2125 aliorum
941 2067 1029 2126 etiam
1042 2080 1149 2139 repam
1169 2082 1262 2128 suam

102 2165 160 2223 quc
180 2151 273 2224 ipsius
293 2151 417 2210 eximar
438 2145 615 2224 erumpant?
652 2149 831 2219 Postdate,
853 2165 921 2210 curn
942 2151 993 2210 siti
1012 2155 1186 2226 caperetur,
1206 2152 1258 2210 all·

102 2235 168 2292 lata
188 2249 245 2308 per
266 2235 462 2311 Polystratum
477 2247 558 2307 aqua
572 2238 737 2304 recreatus,
761 2232 874 2308 ‘crya
897 2236 956 2304 ait,
980 2235 1069 2294 ‘banc
1081 2236 1174 2295 etiarn
1192 2242 1257 2295 mtt-

101 2319 140 2377 tis
161 2318 378 2378 calamitatibus
403 2323 566 2378 extremam
589 2316 733 2378 accedere
754 2319 898 2393 oportuit,
919 2325 954 2379 ut
974 2318 1046 2379 bene
1067 2322 1174 2380 merito
1190 2335 1261 2396 yra-

102 2402 173 2460 tiam
194 2401 314 2474 referre
334 2417 394 2462 noa
419 2402 541 2477 possim:
569 2406 602 2460 at
627 2400 742 2472 referet
767 2402 961 2480 Alexander,
989 2405 1169 2465 Alexandra
1194 2420 1261 2466 aero

101 2483 164 2547 ait!
212 2485 361 2547 Dextram
393 2485 501 2546 deinde
526 2486 679 2561 protendit
704 2501 828 2561 eamque
853 2487 1031 2548 Abxamdro
1061 2488 1137 2559 fidei
1162 2492 1263 2564 rapiat

95 2573 210 2647 piynus
227 2570 311 2642 ferri
330 2570 432 2631 iubens
453 2571 642 2647 apprehensa
669 2570 833 2647 Polystrati
851 2585 944 2631 mana
971 2574 1104 2633 damiam
1136 2572 1261 2647 astarti,

100 2655 278 2716 Alexander
299 2671 340 2715 an
360 2657 492 2732 spiranti
502 2655 603 2716 adbuc
616 2657 831 2730 supervenerit,
854 2658 998 2718 incertam
1019 2664 1076 2717 est:
1098 2658 1178 2718 illud
1196 2674 1261 2720 cau·

100 2745 160 2798 stat
181 2741 345 2801 miserabili
363 2743 445 2816 repis
464 2741 679 2816 opulentissimi
698 2741 782 2800 exitu
802 2747 943 2816 conperto
960 2742 1098 2817 copiosas
1120 2744 1261 2804 lacrimas

97 2822 273 2896 profudisse
298 2828 454 2900 statimque
479 2824 637 2901 chlamyde
667 2824 725 2885 sibi
755 2826 890 2885 derceto
917 2839 1026 2902 capus
1051 2829 1204 2902 aperuisse
1234 2833 1261 2888 et

100 2921 209 2979 maqno
234 2925 300 2968 cum
327 2909 441 2970 bonore
468 2909 512 2969 ad
536 2925 604 2970 suos
631 2907 751 2982 deferri
774 2910 906 2983 iussisse,
936 2916 969 2970 ut
988 2914 1073 2984 reqio
1100 2911 1260 2973 Persarum

99 3005 181 3049 more
206 2999 344 3053 curatum
377 2996 570 3054 monumentis
596 2995 742 3054 maiorum
777 2992 953 3064 inferretur.
1008 2994 1260 3069 lnpratitudincm

99 3075 262 3144 leoninum,
293 3093 314 3137 a
340 3079 406 3151 quis
436 3092 494 3154 pro
521 3079 641 3138 summis
667 3078 813 3149 benefieiis
838 3078 960 3139 modale
984 3081 1111 3140 exitium
1143 3082 1260 3142 Bareas

95 3161 231 3234 pertulit,
254 3176 434 3235 quamquam
460 3170 562 3237 suopte
583 3164 699 3236 impertio
719 3161 902 3222 horrendam
923 3169 953 3223 et
972 3165 1188 3240 immobilem,
1212 3168 1260 3226 in·

97 3245 228 3317 siyniorc
255 3244 299 3304 ad
319 3246 522 3321 posteritatem
547 3246 678 3318 infamia
711 3246 867 3307 damnarit
891 3249 975 3308 canis
999 3250 1155 3311 mimulam
1183 3254 1259 3311 rnna

95 3328 185 3400 tides,
208 3329 261 3404 qni
280 3329 318 3389 ab
339 3331 472 3392 omnbus
489 3330 695 3404 familiaribus
715 3330 856 3393 derelicto
877 3333 957 3393 solus
977 3332 1082 3408 adfuit
1103 3341 1147 3403 et,
1171 3350 1258 3411 qnam

97 3415 129 3471 in
150 3415 247 3473 riuum
267 3429 348 3490 prae
374 3432 406 3476 se
432 3418 498 3477 tulit
522 3417 765 3483 beneuolentiam,
794 3419 931 3477 morienti
955 3434 1069 3493 quaque
1090 3427 1259 3482 constanter

94 3500 223 3573 praestit
230 3501 253 3558 't.
297 3498 387 3563 Hunc
408 3502 485 3562 uitae
502 3504 592 3574 daem
607 3503 726 3562 sortitus
746 3506 790 3560 est
809 3503 873 3569 ille,
897 3516 981 3577 quern
1002 3504 1089 3563 moda
1110 3512 1258 3566 contume-

96 3584 140 3641 lia
166 3581 260 3653 adlici
271 3583 434 3661 putabant,
462 3588 522 3648 nisi
545 3602 645 3662 reyem
671 3599 775 3658 repam
803 3591 832 3645 et
856 3587 979 3647 deorum
1006 3593 1258 3664 emsanquincum

95 3668 278 3727 salutarent:
301 3684 465 3746 maynoque
485 3674 591 3732 iterum
605 3671 805 3745 experimento
819 3670 1018 3747 adprobatum
1032 3678 1092 3732 cst:
1114 3677 1258 3735 neminem

95 3753 192 3825 ueayis
207 3757 316 3826 patere
333 3754 492 3830 satanae,
516 3770 605 3831 quam
627 3756 679 3829 qui
693 3754 833 3828 pluribus
854 3756 984 3817 eiusdem
1006 3754 1158 3820 blanditiis
1179 3761 1258 3820 inre·

95 3838 165 3896 titus
187 3839 287 3910 iopam
309 3839 388 3899 illius
410 3846 471 3902 tota
492 3841 606 3900 ceruice
627 3841 780 3913 receperit.

524 4128 820 4136 *mn—...-
