2752 4776
333 219 571 269 IIISTORIARUM
594 220 795 267 ALEXANDRI
818 221 869 285 vt,
892 217 916 271 5.
939 218 963 267 tl.

1185 207 1227 272 23

59 375 183 445 duerat,
207 374 436 455 superbiamque
458 375 575 437 habitus
598 378 689 435 animi
709 375 865 437 insolentia
880 376 1074 454 sequebatur:
1099 376 1261 459 [litterase

58 478 201 539 quoque,
225 462 350 537 quasin
373 459 520 538 Europam
542 461 687 530 mitteret,
716 463 825 521 veteris
847 460 926 521 anuli
949 479 1065 539 gemma
1088 464 1225 541 obsigna·

61 544 130 613 bat,
161 545 212 611 iis,
241 562 313 625 quas
335 544 365 605 in
387 547 486 605 Asiam
508 545 665 614 scriberet,
693 544 779 604 Darei
802 542 906 606 anulus
928 545 1172 628 inprimebatur]:
1195 556 1229 608 ut

64 628 226 709 adpareret
254 646 344 689 unum
372 630 503 690 animum
530 629 658 690 duorum
685 646 743 689 non
773 647 880 709 capere
908 630 1065 692 fortunam.
1108 633 1262 693 Amicosr

65 730 137 773 vero
164 722 196 774 et
223 716 337 791 equites
366 748 404 757 -
432 713 463 773 lri
490 731 617 792 namque
644 716 798 793 principes
825 713 949 775 militum
974 723 1228 793 —aspernantes

68 796 203 875 quidem,
231 797 284 859 sed
312 815 451 859 recusare
474 816 533 859 nou
556 817 643 859 ausos
664 797 793 859 Persicis
815 808 969 859 ornaverat
990 799 1128 861 vestibus.
1173 801 1262 861 Pe·8

64 881 139 943 lices
155 901 214 945 occ
230 890 259 943 et
272 904 344 952 cxv,
368 882 490 943 totidem
507 892 579 961 quot
594 883 680 943 Darei
694 883 820 952 lucrant,
845 886 955 962 regiam
972 882 1131 962 inplebant,
1156 903 1228 963 quas

10 963 52 1027 21
60 966 231 1046 spadonum
252 984 367 1045 greges,
392 976 421 1027 et
435 969 493 1046 ipsi
509 966 665 1028 muliebria
680 968 741 1047 pati
756 967 877 1035 adsueti,
902 967 1110 1046 sequebantur.
1148 968 1228 1031 llaec
1246 978 1261 1026 9

60 1050 138 1113 luxu
166 1060 195 1113 et
216 1053 381 1130 peregrinis
407 1054 518 1113 iniecta
540 1050 674 1112 moribus
701 1059 817 1113 veteres
838 1052 969 1133 Philippi
995 1051 1116 1121 milites,
1146 1053 1229 1115 rudis

61 1138 146 1197 natio
181 1135 217 1197 ad
251 1136 428 1216 voluptates,
462 1135 559 1215 palarn
599 1134 807 1198 aversabantur
848 1140 974 1216 totisque
1009 1140 1113 1198 castris
1152 1156 1228 1198 unus

61 1222 199 1283 omnium
221 1238 328 1281 sensns
350 1238 383 1281 ao
405 1238 502 1281 sermo
525 1230 598 1290 erat,
621 1220 686 1301 plus
709 1223 848 1283 amissum
870 1224 1009 1290 victoria,
1032 1240 1120 1299 quam
1149 1221 1227 1283 bello

60 1322 130 1367 esse
154 1307 335 1382 quaesitum:
364 1312 424 1366 tum
447 1323 513 1365 cum
537 1308 665 1366 maxime
687 1307 763 1366 vinci
786 1310 868 1383 ipsos
890 1306 1016 1383 dedique
1039 1305 1143 1368 alienis
1164 1326 1227 1367 mo·
1246 1316 1280 1365 10

60 1390 150 1451 ribus
172 1396 205 1450 et
226 1391 363 1451 externis.
408 1390 472 1461 Quo
494 1390 612 1451 tandem
635 1406 687 1450 ore
711 1390 814 1451 domos
836 1392 919 1469 quasi
941 1392 971 1450 in
987 1393 1102 1471 captivo
1124 1390 1227 1452 habitu

58 1474 257 1535 reversuros?
302 1474 418 1535 Pudere
439 1476 498 1534 iam
521 1476 579 1535 sui.
616 1475 727 1553 Regem
749 1477 831 1536 vietis
854 1495 942 1556 quam
959 1475 1122 1537 victoribus
1144 1478 1226 1537 siuri-

57 1559 172 1621 liorem
196 1577 231 1619 ex
252 1558 442 1620 Macedoniae
463 1561 643 1638 imperatore
666 1559 752 1620 Darei
774 1567 913 1639 satrapen
936 1563 1055 1621 lactum.
1100 1559 1152 1622 llle
1167 1578 1226 1621 non
1246 1569 1277 1616 11

57 1647 197 1721 ignarus,
220 1649 250 1702 et
270 1646 424 1721 principes
446 1646 607 1704 amicorum
630 1651 660 1704 et
681 1646 843 1706 exercitum
867 1647 995 1723 graviter
1018 1645 1137 1713 oilendi,
1161 1662 1228 1724 gra·

58 1732 136 1790 tiam
159 1726 334 1789 liberalitate
357 1728 499 1807 donisque
521 1745 661 1807 reparare
683 1728 853 1808 temptabat.
897 1728 962 1797 Sed,
987 1732 1104 1808 opinor,
1128 1728 1228 1791 liberis

59 1814 196 1891 pretium
216 1814 365 1873 servitutis
386 1814 535 1890 ingratum
558 1820 612 1872 est.
656 1812 747 1889 Igitur
775 1831 812 1872 ne
840 1814 870 1872 in
893 1814 1068 1874 seditionem
1091 1833 1140 1875 res
1162 1832 1227 1875 rer·
1247 1822 1279 1871 12

60 1905 191 1967 teretur,
213 1898 305 1958 otium
327 1896 575 1976 interpellandum
598 1905 661 1958 erat
684 1894 775 1967 bello,
805 1899 889 1958 cuins
916 1901 1039 1958 materia
1062 1908 1227 1977 opportune

65 1979 212 2043 alebatur.
256 1980 389 2058 Namque
412 1982 519 2042 Brssus
541 1988 619 2042 veste
642 1983 723 2058 regia
745 1990 861 2060 sumpta
876 1982 1058 2042 Artaxerxen
1081 1981 1224 2061 appellari
1244 1990 1275 2040 13

64 2084 100 2127 se
123 2066 247 2127 iusserat
261 2065 442 2146 Scythasque
466 2074 495 2126 et
514 2074 629 2127 ceteros
645 2065 751 2126 Tanais
773 2065 887 2125 accolas
908 2065 1109 2127 contrahebat.
1148 2065 1228 2127 Haec

62 2149 274 2211 Satibarzanes
302 2151 470 2219 nuntiabat,
500 2168 588 2229 quem
621 2158 773 2227 receptum
801 2152 832 2210 in
860 2150 947 2210 fidem
976 2152 1105 2228 regioni,
1139 2168 1227 2230 quarn

66 2316 186 2383 qudem,
204 2332 299 2373 mores
316 2332 432 2385 quoque.
450 2346 483 2355 -
501 2318 621 2373 indue-

68 2390 134 2448 ναῖς
153 2400 170 2436 v
191 2383 209 2439 l.
228 2386 372 2452 incenium
390 2402 491 2441 nortem
510 2386 564 2440 sibi
580 2388 622 2440 in·

64 2398 238 2513 ‹lueregbiu
256 2457 280 2506 3.
299 2457 339 2508 33.
358 2457 382 2506 7.

98 2522 123 2575 6.
148 2520 276 2574 literas
298 2548 331 2557 -
355 2520 622 2587 reprimebatur.

64 2586 145 2642 lliese
167 2586 265 2642 Worte
291 2587 387 2642 stehen
414 2587 475 2642 hier
501 2586 622 2642 offenbar

63 2654 142 2709 nieht
165 2655 203 2709 im
225 2655 360 2721 richtigeu
381 2654 621 2720 Znsamrnenlrang,

63 2722 97 2779 da
109 2722 152 2778 sie
163 2722 323 2777 zusammen
345 2722 472 2789 ehoriges
484 2720 514 2786 (8
527 2726 551 2775 4.
561 2725 585 2776 5.
596 2721 622 2787 t)

64 2787 268 2845 unterbrechen
287 2736 408 2844 buddas
427 2788 504 2843 nicht
521 2788 622 2868 bewei·

65 2873 122 2921 seu,
141 2872 201 2912 was
214 2855 352 2912 lrewiesen
367 2856 480 2911 werden
498 2855 560 2918 soll,
578 2856 622 2911 dre

64 2924 219 2981 insolentia
235 2927 330 2980 enimi.
360 2923 405 2979 Sle
418 2924 539 2991 gehbren
553 2924 621 2979 nach

62 2992 125 3058 8⁸³
139 2992 188 3047 das
201 2992 279 3058 Ange
291 2992 338 3047 des
344 2990 541 3047 Absclrreibers
553 2990 622 3045 irrte

65 3058 249 3117 sermnthlieh
267 3074 321 3114 von
338 3059 530 3126 sequebantur
547 3056 577 3126 (S
594 3056 621 3124 8)

63 3143 97 3183 au
114 3126 289 3194 sequebatur
306 3124 337 3195 (S
355 3125 381 3193 5)
401 3125 442 3182 ab.
464 3154 497 3165 -
520 3142 621 3182 unum

65 3222 96 3233 -
116 3195 309 3262 fortunam.
349 3193 425 3249 Sinn:
454 3193 517 3249 dass
547 3195 621 3248 eine

10 3274 13 3298 ²
65 3260 286 3319 blensehenseele
304 3260 348 3317 die
365 3260 453 3316 llaeht
470 3261 527 3316 und
539 3260 621 3316 Herr-

10 3346 12 3359 ·
65 3328 178 3386 llchkeit
190 3324 396 3395 beiderlibnige
406 3345 562 3384 zusammen
575 3343 621 3395 ge-

65 3412 193 3455 nommeu
227 3396 303 3451 nicht
337 3414 371 3451 zu
405 3403 532 3463 ertragen
561 3412 621 3451 rer·

65 3465 184 3522 moehte.

96 3538 120 3589 t.
144 3533 296 3599 equites,
319 3530 390 3605 doci}
412 3529 489 3584 wohl
506 3545 560 3584 nur
577 3529 620 3599 die

65 3600 215 3657 berittne
234 3598 339 3653 Garde
358 3599 482 3664 (εταῖροι
496 3592 619 3660 [wratek

62 3673 223 3724 ornaverat
246 3666 379 3721 =l1atte
403 3680 433 3719 er
456 3665 537 3719 nach
555 3664 620 3720 und

64 3737 161 3801 nach,
180 3734 213 3789 in
231 3733 369 3788 llnrzem
388 3730 547 3788 ausstaiiirt.

95 3808 121 3858 8,
137 3802 272 3870 pelices
291 3818 312 3855 s.
332 3800 402 3856 oben
421 3805 444 3856 3.
457 3805 481 3854 3.
494 3804 534 3856 24.
561 3816 620 3854 mu·

62 3866 621 3937 liebrioputi==sichzubiebschai·

63 3946 119 3995 ten
138 3934 317 4004 hergeben.

100 4010 126 4059 9.
148 4005 234 4060 baec
256 4032 289 4043 ·-
312 4002 493 4069 inserted.
519 4003 544 4058 lr.
568 4000 621 4058 alle

60 4072 141 4129 diese
149 4072 373 4137 Einrichtnngen,
387 4069 491 4125 welche
503 4069 621 4133 „iniicirt

62 4156 158 4196 waren
170 4144 243 4195 von“
263 4147 314 4194 etc.
332 4138 356 4192 d.
369 4139 396 4193 lr.
414 4138 464 4192 die
482 4137 620 4193 schlim-

61 4224 136 4264 men
166 4206 339 4262 Eiuildsse
367 4221 429 4260 von
546 4222 620 4259 ver·

63 4274 207 4331 riethen.
243 4273 303 4339 Vgl.
328 4274 427 4328 cirritos
450 4274 529 4339 infici
550 4272 620 4327 solet

670 2318 834 2383 principum
852 2318 936 2379 vitiis,
955 2316 1008 2373 Cic.
1020 2317 1054 2373 de
1066 2317 1137 2385 legg.
1150 2322 1174 2370 3.
1184 2321 1227 2370 30.

673 2412 707 2421 -
719 2386 814 2439 notio
826 2408 860 2428 π
873 2384 985 2452 ‘Sclrlag
994 2402 1047 2441 von
1057 2385 1227 2448 blensehen’;

674 2468 705 2506 so
716 2452 801 2507 sehon
813 2452 855 2507 bei
865 2451 918 2507 Cic.
935 2480 969 2490 —
987 2454 1144 2508 rudtrud
1159 2468 1228 2508 rem

673 2519 721 2574 hat
739 2519 812 2574 Curt.
830 2518 967 2582 viermal,
985 2520 1040 2574 wie
1052 2537 1102 2575 vor
1113 2521 1168 2575 ihm
1181 2518 1227 2575 be-

674 2586 740 2640 reits
758 2585 848 2641 Livius
867 2585 1014 2641 mebriach.

708 2658 748 2709 10.
770 2660 837 2707 tum
860 2669 932 2708 cum
955 2656 1100 2708 maxime
1118 2672 1141 2708 s.
1158 2652 1227 2708 Einl.

674 2720 692 2785 3
710 2724 752 2774 22.
775 2719 862 2775 Ueber
873 2723 905 2776 in
916 2726 989 2787 cept.
1002 2720 1100 2775 babitu
1112 2738 1133 2775 s.
1147 2720 1228 2775 eben·

674 2790 942 2850 ‹las.§20nnterr'n.
960 2815 993 2825 -
1011 2788 1226 2850 similiorem,

674 2854 791 2910 namlioh
808 2855 836 2908 in
850 2856 948 2910 Traoht
961 2856 1018 2911 und
1029 2854 1228 2911 Lebeusweise.

708 2926 748 2979 11.
765 2922 1229 2990 donisqueainsbesondere

673 2990 760 3045 durelr
779 2990 949 3054 Gesehenlxe,
973 2991 1044 3047 deun
1063 2991 1107 3047 die
1124 2992 1228 3047 liberu-

673 3058 739 3112 litas
761 3056 863 3113 kdnrite
886 3058 944 3113 sich
967 3059 1037 3114 anch
1054 3059 1083 3114 ln
1100 3059 1228 3114 auderem

673 3130 794 3181 tussern.
808 3154 841 3163 —
857 3128 1007 3193 pretium
1023 3129 1227 3191 servitutis,

673 3192 972 3255 „llnechtessold“.

707 3261 1229 3330 12.alebatur,mitmuteria(Breuu-

673 3326 748 3392 stolll
766 3327 923 3384 verbunden
943 3331 1011 3385 nach
1024 3329 1156 3396 Analogia
1174 3345 1227 3384 von

673 3395 752 3450 olere
763 3398 863 3461 ipnem,
874 3398 1013 3463 flammas.
1040 3397 1076 3453 So
1090 3396 1229 3451 branchen

673 3463 804 3518 euclidis
817 3462 953 3519 Classilrer
971 3463 1086 3519 vieliaeh
1105 3463 1183 3519 alere
1194 3486 1229 3506 =

672 3537 848 3593 sustentare,
867 3546 972 3596 cupere
991 3546 1058 3586 rem.

708 3602 747 3652 13.
765 3600 1000 3653 Artaxerxen.
1024 3597 1076 3652 ller
1088 3595 1169 3652 Name
1181 3597 1229 3653 be·

673 3665 784 3720 deutete
802 3658 891 3733 μέγας
916 3657 1016 3732 ἀρήϊος
1040 3665 1108 3719 naolr
1127 3664 1227 3719 llerod.

672 3736 698 3785 6.
715 3736 755 3794 98,
774 3750 834 3788 war
852 3733 909 3787 also
928 3730 1136 3800 appellativum.
1163 3733 1229 3789 bes·

673 3816 720 3854 sus
743 3808 800 3855 trat
822 3799 861 3854 als
885 3801 976 3854 Artax.
995 3798 1028 3853 lv
1051 3798 1105 3854 aui.
1140 3799 1228 3855 Ueber

675 3868 782 3922 Tenuis
801 3884 822 3921 s.
840 3871 865 3922 4.
883 3871 907 3921 5.
925 3871 949 3918 5.
968 3893 1001 3903 -
1023 3868 1160 3932 repient
1177 3875 1229 3925 ete.

672 3934 706 3989 lis
720 3950 779 3989 war
791 3934 848 3989 dies
861 3933 966 3989 Ariana.
996 3932 1079 3989 Satib.
1092 3933 1148 3988 trai
1158 3936 1227 3990 nach

673 4004 733 4057 Arr.
755 4000 798 4055 bei
821 3999 973 4055 Alexander
995 4001 1051 4061 ein,
1075 3999 1114 4055 als
1138 4000 1229 4056 dieser

672 4083 725 4123 von
749 4066 892 4121 Partiriene
915 4084 963 4122 ans
986 4068 1014 4122 in
1039 4068 1083 4123 die
1104 4066 1229 4137 Satrapie

672 4133 815 4189 desselben
835 4135 995 4202 eingerrickt
1013 4152 1083 4197 war,
1103 4136 1158 4190 und
1176 4153 1229 4191 un·

672 4201 787 4281 terwarl
816 4202 873 4256 sich
905 4202 995 4258 solort
1024 4203 1076 4258 den
1106 4202 1230 4259 Macedo·

672 4285 758 4325 mern.

1253 4356 1296 4488 A
