2752 4776
148 262 209 327 156
596 260 626 313 c.
646 258 759 312 cuarr
776 258 865 310 num

112 445 129 492 r
147 434 204 494 iter
226 431 343 511 ingredi
364 431 446 491 iussi.
482 428 550 507 lpse
573 430 661 490 tertia
683 427 781 507 vigilia
804 430 909 489 castris
924 429 1012 489 motis
1023 428 1101 489 circa
1124 425 1317 489 incisorium

147 526 270 595 superat
291 515 440 594 angustias
462 529 608 591 caesaque
623 514 744 574 materia
758 512 889 574 cratibus
904 520 934 573 et
955 511 1064 592 pluteis
1085 511 1249 581 lactandis.
1278 521 1317 581 ut.
1359 582 1362 589 ¹

149 604 199 678 qui
228 610 326 662 turres
354 599 559 667 admouerent,
589 606 670 659 extra
699 596 749 658 teli
763 599 873 658 iactum
903 604 1016 667 essent,
1045 595 1154 658 urbem
1182 595 1319 658 obsidere

115 687 256 765 scocpit.
305 685 467 762 Praerupta
496 689 581 743 erant
609 682 707 743 omnia
729 683 807 742 saxis
834 690 864 743 et
891 680 1007 742 cotibus
1033 680 1175 758 inpedita.
1223 680 1319 743 Multis
1360 728 1363 733 .

150 786 222 847 ergo
236 766 409 830 vulneribus
432 764 562 846 depulsi,
587 773 618 826 ut
640 763 748 843 quibus
763 783 822 827 non
837 783 906 827 cum
928 765 1013 827 hoste
1028 764 1139 835 solum,
1163 763 1317 827 sedetiam

115 871 218 922 ocum
239 852 305 913 loco
321 850 522 913 dimicandum
539 857 631 919 esset.
654 849 794 911 subibant
816 858 931 920 tamen,
956 851 1024 928 quia
1040 866 1093 909 rex
1113 850 1193 911 inter
1209 850 1317 926 primos

150 939 323 998 constiterat
343 938 545 1013 interrogans,
568 942 613 995 tot
634 933 754 996 urbium
768 935 895 995 victores
910 952 947 995 an
963 932 1177 995 erubescerent
1196 933 1315 994 haerere

149 1024 181 1082 in
203 1020 358 1082 obsidione
379 1018 493 1081 castelli
515 1020 612 1095 exigui
634 1029 663 1079 et
684 1018 837 1097 ignobilis.
860 1019 949 1079 simul
971 1017 1134 1079 admonens
1154 1016 1315 1079 Tauronem

149 1123 220 1167 mox
242 1107 392 1167 auxilium
413 1121 476 1165 esse
496 1106 640 1164 loturum.
688 1103 770 1164 Inter
792 1102 866 1164 baec
888 1104 1004 1163 eminus
1031 1100 1205 1182 petebatur:
1234 1118 1314 1182 quem

149 1189 298 1252 testudine
321 1188 436 1250 obieeta
458 1186 567 1250 milites
588 1194 676 1248 -ut
698 1186 871 1256 decederet,
893 1185 1060 1265 perpellere
1081 1185 1260 1264 nequierant
1277 1216 1315 1231 -

101 1278 133 1326 10
150 1273 320 1335 tuebantur.
365 1271 498 1334 Tandem
513 1272 633 1332 Tauron
655 1289 745 1351 super
766 1289 866 1333 arcem
887 1270 969 1332 urbis
992 1288 1024 1332 se
1039 1288 1107 1331 curn
1123 1287 1180 1331 suo
1202 1270 1309 1349 agmine
1322 1268 1356 1335 ll!

152 1357 293 1419 ostendit:
318 1356 353 1418 ad
377 1358 461 1418 cuius
482 1365 676 1435 conspectum
699 1364 729 1416 et
750 1355 880 1417 hostium
903 1356 995 1416 animi
1016 1352 1117 1415 labare
1141 1362 1172 1416 et
1186 1353 1312 1416 Macedo·
1351 1376 1356 1383 ·

103 1453 134 1502 11
152 1459 206 1502 nes
229 1443 326 1502 acrius
348 1439 495 1520 proelium
510 1442 588 1501 inire
609 1451 782 1520 coeperunt.
816 1444 933 1518 Anceps
954 1438 1120 1519 oppidanos
1135 1439 1249 1500 malurn
1269 1456 1314 1499 ur·

153 1525 277 1604 guebat,
301 1541 357 1585 nec
379 1525 442 1586 sisti
455 1526 498 1586 ris
513 1524 643 1585 hostium
666 1531 792 1602 poterat.
829 1524 935 1585 Paucis
949 1524 986 1584 ad
1001 1522 1208 1593 moriendum.
1233 1523 1316 1602 pluri·

152 1612 209 1671 bus
231 1610 267 1672 ad
289 1610 389 1686 lugam
412 1610 528 1669 animus
551 1607 622 1678 luit,
646 1626 752 1688 magna
773 1626 843 1688 pars
864 1610 896 1669 in
918 1626 1019 1669 arcem
1041 1608 1201 1669 concessit.
1252 1605 1318 1669 lude
1359 1604 1364 1663 i

152 1707 228 1756 xxx
255 1690 422 1755 oratoribus
450 1694 547 1754 missis
577 1692 613 1753 ad
642 1692 863 1774 deprecandum
892 1693 977 1754 triste
1004 1709 1184 1771 responsum
1214 1708 1319 1770 aroge
1362 1752 1365 1761 ,

103 1786 135 1835 12
153 1777 303 1839 redditur:
339 1794 398 1837 non
427 1794 491 1838 esse
518 1778 620 1839 veniae
648 1776 756 1839 locum.
812 1777 928 1854 ltaque,
962 1775 1178 1856 suppliciorum
1205 1792 1320 1857 quoque

153 1872 235 1923 metu
250 1861 395 1940 perculsi,
419 1862 454 1922 ad
471 1860 677 1939 Sisigambim,
701 1861 787 1924 Darei
803 1871 945 1929 matrem.
969 1859 1086 1921 occultu
1108 1861 1219 1922 itinere
1240 1862 1322 1939 igno·

153 1955 244 2026 toque
276 1944 412 2008 hostibus
441 1946 575 2015 mittunt,
605 1947 656 2025 qni
690 1954 843 2024 peterent,
871 1956 904 2007 ut
935 1947 998 2025 ipsa
1027 1962 1131 2022 regem
1163 1946 1322 2024 mitigaret,

153 2030 232 2092 haud
254 2030 365 2108 ignari,
389 2032 522 2110 parentis
544 2047 609 2091 eam
633 2028 699 2091 loco
721 2029 802 2107 diligi
824 2028 952 2107 colique.
1000 2028 1037 2089 Et
1058 2028 1191 2090 Medates
1211 2030 1325 2091 sororis

154 2117 217 2176 eius
245 2113 334 2177 liliam
356 2132 459 2176 secum
481 2115 669 2177 matrimonio
691 2116 841 2183 iunxerat,
869 2113 996 2176 Dareum
1024 2115 1195 2193 propinqua
1216 2130 1325 2192 cogna-

104 2207 136 2255 13
154 2202 237 2260 tione
259 2200 445 2278 contingens.
498 2199 553 2261 Diu
576 2198 748 2277 Sisigambis
775 2200 943 2279 supplicum
970 2196 1111 2278 precibus
1136 2198 1324 2278 repugnavit,

155 2281 289 2344 abnuens
312 2282 551 2363 deprecationem
576 2300 630 2360 pro
652 2281 711 2344 illis
735 2281 824 2363 [non]
849 2284 1007 2344 convenire
1029 2283 1183 2352 fortunae.
1210 2284 1244 2343 in
1264 2298 1327 2361 qua

156 2373 247 2426 esset:
278 2366 425 2443 adicitque
448 2373 582 2426 metuere
610 2384 691 2436 sese,
721 2385 759 2426 ne
781 2369 904 2429 victoris
932 2366 1147 2446 indulgentiam
1175 2367 1326 2445 fatigaret.

104 2457 137 2505 14
155 2451 332 2531 saepiusque
354 2450 500 2525 cogitare,
530 2451 674 2528 captivam
698 2468 834 2521 essese,
864 2469 952 2530 quarn
979 2452 1113 2529 reginam
1136 2450 1240 2512 luisse.
1284 2450 1328 2513 lid

156 2534 290 2596 ultimum
312 2534 388 2597 victa
409 2533 516 2595 litteris
537 2532 736 2596 Alexandrum
758 2535 797 2594 ita
826 2535 984 2616 deprecata
1005 2542 1065 2607 est,
1097 2545 1130 2595 ut
1151 2536 1254 2614 ipsum
1278 2552 1328 2597 cx·

155 2627 287 2689 cusaret,
311 2618 390 2700 quod
415 2619 641 2699 deprecaretur:
670 2627 774 2699 petere
797 2638 843 2693 se,
872 2631 905 2682 ut
927 2618 983 2681 illis
1005 2637 1139 2701 quoque.
1168 2620 1327 2690 siminus,

154 2704 212 2765 sibi
233 2707 415 2781 ignosceret:
445 2722 501 2784 pro
524 2704 692 2765 necessario
715 2721 748 2764 ac
771 2705 938 2783 propinquo
961 2722 1030 2775 suo,
1059 2707 1116 2765 iam
1139 2720 1201 2765 uon
1230 2703 1330 2773 hoste,

180 2939 215 3013 .⁷·
228 2939 390 2998 materia:
402 2936 472 2992 iiber
489 2936 541 2992 den
553 2937 607 2992 dat.
621 2951 678 3003 ger.
691 2954 712 2992 s.
766 2939 885 3004 fauori
907 2938 973 3004 geht
997 2938 1045 2995 aul
1067 2938 1115 2993 dns
1133 2935 1254 3005 Subjelrt
1275 2953 1330 2994 von

155 2999 715 3079 1111131814εωίνα1.1αο1αιη,ἰιίετ
767 3004 1054 3062 mittunt-ctMed.
1112 3008 1331 3061 inunxerat-

156 3084 211 3123 wre
222 3073 247 3122 4.
260 3072 283 3122 2.
296 3072 329 3122 23
342 3085 394 3125 nur
405 3092 440 3115 =
457 3071 639 3136 geschutzt
655 3087 715 3128 vor
767 3073 835 3128 auch
848 3088 907 3128 war
918 3071 956 3129 ll.¹
964 3072 1112 3134 vermittit:
1128 3074 1331 3140 propinqua

156 3135 378 3191 Gesclrossen.
766 3140 821 3195 wie
834 3145 858 3194 6.
874 3143 912 3196 11,
926 3143 959 3192 20
971 3140 1027 3195 und
1044 3140 1146 3206 longo
1163 3140 1330 3207 cognatio

191 3217 389 3273 esemberti
403 3242 438 3263 =
455 3221 495 3275 sie
507 3220 646 3276 ldommen
659 3237 714 3276 ern·
765 3211 789 3263 4·
804 3211 827 3264 1·
841 3210 880 3262 19-

158 3300 224 3408 ffit
237 3301 280 3338 tm
292 3307 325 3327 =
339 3283 474 3352 01111ῑῦ111,
488 3305 509 3342 s·
523 3286 593 3366 Eissl·
610 3287 637 3353 S·
650 3289 713 3344 39d.
801 3303 841 3378 13.
854 3298 1173 3378 abnuensffneucns.
1190 3298 1329 3377 Daspleo·

216 3368 246 3407 er
260 3353 472 3411 erubescere
485 3369 508 3410 1·
525 3352 600 3409 lnfin·
618 3354 713 3413 ebend·
767 3365 904 3422 nasusche
916 3381 974 3421 uon
986 3365 1058 3421 boun
1067 3362 1185 3421 lufinrtrv
1195 3370 1273 3423 ware
1283 3380 1328 3423 em

157 3420 183 3485 S·
205 3418 268 3500 34b.
290 3448 328 3500 ··,
345 3438 441 3488 luem
519 3421 714 3480 luebantur·
767 3433 832 3488 sehr
861 3432 1043 3489 aullallender
1072 3430 1243 3496 draeismus.
1271 3432 1328 3501 vgt.

157 3487 280 3544 ‘Allern
298 3487 352 3544 dle
368 3487 543 3545 Soldaten’
562 3497 625 3551 cte:
648 3491 714 3545 altn-
767 3492 877 3568 ἆπὲφη,
892 3492 1040 3563 ἀνένευσε,
1056 3494 1096 3567 μὴ
1108 3493 1277 3566 προςήκειν.
1296 3526 1328 3537 -

156 3555 244 3611 licher
256 3554 373 3611 Satzbau
385 3561 410 3612 4.
427 3561 452 3610 6.
463 3561 505 3613 20.
522 3590 555 3601 -
573 3556 715 3613 decede·
766 3571 802 3624 in
825 3585 905 3636 qum
926 3567 981 3624 wie
1004 3568 1036 3622 in
1055 3567 1226 3632 conditione,
1247 3573 1328 3623 statu

158 3628 224 3685 ret,
244 3622 346 3702 eberiso
365 3623 423 3680 Cis.
435 3623 461 3679 b.
474 3638 500 3691 g.
513 3627 588 3679 tte.
601 3625 715 3704 llobne
767 3635 860 3703 aliquo
876 3649 949 3692 esee.
966 3662 999 3672 -
1020 3637 1245 3703 saepiusque·
1275 3648 1329 3703 que

156 3691 716 3750 loco,stationc.-se...ostendet=
766 3702 998 3759 =unddaher

159 3759 236 3812 visus
248 3761 307 3820 eet;
320 3773 351 3813 so
365 3758 452 3815 sebon
465 3759 508 3854 bei
521 3758 595 3814 Caes.
803 3800 842 3851 14·
855 3795 1053 3874 deprecata·
1070 3794 1151 3861 depr·
1162 3793 1328 3850 ‚cerm

192 3845 231 3895 11.
250 3840 589 3909 cnimue=Ne1gung,
611 3843 661 3898 mit
678 3845 718 3899 cd
769 3868 843 3925 gens,
867 3862 939 3918 ψη
962 3862 1013 3917 mir
1036 3861 1158 3929 aliquem
1175 3877 1203 3917 u.
1219 3861 1331 3931 aliquid

157 3908 227 4029 gild]
250 3913 291 4001 i3.
312 3915 355 3988 .¹3·
395 3909 431 3965 3⁰
458 3909 609 3965 Vireimeh
629 3909 716 3966 ⁵⁰h⁰¹¹
770 3930 816 3993 (ab
829 3929 936 3995 aliquio)
947 3928 1106 3984 verbunden
1120 3928 1187 3985 oder
1195 3928 1328 3985 stebtab·

179 3991 219 4038 rc..
234 3993 261 4029 aa
270 3976 298 4034 B.
311 3992 339 4032 m
353 3978 428 4034 Verr.
438 3981 462 4032 3.
476 3976 715 4045 templorum,
767 3995 843 4052 solut
854 3997 909 4052 wie
921 3997 948 4061 g,
962 4002 1002 4052 11,
1013 4022 1048 4035 ..
1065 3998 1177 4063 ipsum
1191 4018 1226 4041 Β
1242 3996 1328 4065 carp.

157 4043 234 4097 nicht
246 4043 440 4102 aberCasaru.
451 4044 562 4101 Sallust.
766 4079 838 4127 gum,
863 4063 918 4118 wie
937 4068 963 4117 a,
980 4067 1005 4119 a,
1022 4067 1046 4125 e,
1062 4066 1086 4119 8,
1103 4066 1127 4119 6,
1143 4090 1177 4101 -
1199 4063 1278 4121 illie

193 4129 232 4181 12.
257 4129 368 4194 suppl.
391 4144 534 4209 quoque.
559 4130 715 4198 abgesehen
767 4134 976 4198 ignosceret.
993 4128 1328 4209 Sirmwomdgliclraucb

157 4209 211 4272 yon
228 4193 298 4256 dem,
315 4211 373 4250 was
391 4211 431 4253 sre
447 4195 493 4251 ldr
508 4197 553 4251 rhr
569 4196 643 4255 Land
660 4199 716 4256 und
765 4199 861 4265 jener:
880 4214 963 4255 rvenn
980 4198 1063 4260 nicht.
1084 4206 1257 4266 wenrgsteus
1273 4198 1327 4255 ihr.

157 4259 715 4323 rhrePersonsonstnochitirchtenlronn·
767 4292 800 4303 -
817 4272 958 4323 tuntum.
989 4264 1076 4322 [leber
1093 4265 1137 4321 die
1158 4264 1327 4323 aullallende

157 4337 212 4381 ten.
225 4356 257 4365 -
270 4331 282 4382 i
283 4344 349 4395 pso
358 4352 392 4372 =
401 4330 441 4386 sic
455 4330 714 4403 ‘hochsteigem
768 4332 895 4401 Stellung
907 4351 929 4390 s.
941 4332 1010 4389 Eiul.
1022 4332 1119 4398 sold.
1132 4349 1159 4390 u.
1171 4341 1258 4390 unten
1270 4336 1328 4391 en.
