2752 4776
335 247 592 300 nrsronranum
610 248 819 302 anaxaunnr
838 252 884 315 tv,
906 254 945 307 14.
959 256 999 307 aa.
1205 254 1266 318 139

89 419 182 479 mittit
204 418 251 477 ud
263 433 376 492 regem,
399 420 450 496 qui
475 426 504 477 at
525 416 690 497 periculum
706 419 876 481 ostenderet
892 429 934 489 et,
960 422 1029 498 quid
1052 424 1118 483 lieri
1139 423 1264 493 iuberet,
1285 434 1300 482 't

90 501 274 565 consuleret.
324 500 377 561 llle
404 501 503 562 audito
531 502 754 582 Polydamante,
784 502 868 573 ‘Abi
899 508 1028 574 nuntia',
1058 509 1155 586 inquit
1177 508 1265 568 ‘Par-

90 587 242 655 menioni,
271 587 298 645 si
326 587 388 646 acie
412 587 583 656 vicerimus,
613 605 672 646 non
695 596 796 647 nostra
824 587 920 649 solum
949 608 1003 651 nos
1025 599 1263 669 recuperaturos

91 671 266 740 sedebam,
291 687 367 747 quae
389 670 518 731 hostiurn
532 679 616 739 sunt,
640 680 848 750 occupaturos.
886 672 1014 734 Proinde
1026 692 1086 734 non
1102 685 1160 748 est,
1186 676 1299 754 quoda

93 757 253 837 quicquam
275 756 383 814 virium
412 754 558 816 subducat
580 773 615 815 ex
638 757 716 822 acie,
745 756 810 824 sed,
840 764 873 815 ut
895 776 943 817 me
967 766 996 818 et
1017 757 1152 838 Philippo
1182 769 1265 839 patre

93 840 217 916 dignum
233 849 293 908 est,
317 846 486 919 contempto
503 840 686 900 sarcinarum
703 838 810 900 damno
826 840 944 901 lortiter
966 841 1107 902 dimicet?
1142 842 1265 904 interim
1283 853 1299 900 a

92 923 217 985 barbari
235 923 439 1002 inpedimenta
462 922 653 984 turbaverant
669 924 821 1002 caesisque
843 923 994 1003 plerisque
1017 925 1170 987 custodum
1195 945 1264 1004 cap-

91 1010 146 1069 tivi
160 1006 289 1068 vinculis
304 1010 415 1086 ruptiS,
432 1007 575 1084 quidquid
592 1007 711 1068 obvium
728 1017 805 1075 erat,
830 1026 889 1085 quo
905 1011 1014 1069 armari
1029 1022 1165 1088 possent,
1190 1015 1264 1071 arri-

89 1094 181 1172 piunt
202 1099 232 1152 et
253 1091 405 1168 adgregati
428 1110 550 1151 suorum
573 1091 723 1169 equitibus
738 1092 914 1152 Macedonas
936 1095 1057 1172 ancipiti
1080 1096 1263 1155 circumven-

89 1185 142 1237 tos
170 1174 248 1235 malo
281 1174 433 1235 invadunt.
483 1175 580 1244 Laeti,
616 1178 668 1252 qui
701 1178 779 1237 circa
808 1177 996 1255 Sisigambim
1025 1185 1125 1248 erant,
1161 1181 1265 1239 vicisse
1285 1188 1317 1236 ιο

90 1258 239 1328 bereum,
260 1260 374 1335 ingenti
389 1259 479 1319 caede
500 1268 666 1338 prostratos
687 1259 800 1329 hostes,
823 1261 861 1320 ad
881 1260 1016 1321 ultimum
1041 1263 1129 1323 etiarn
1150 1262 1265 1341 inpedi-

89 1345 203 1405 mentis
226 1351 331 1404 exutos
354 1361 419 1404 esse
440 1344 587 1412 nuntiant,
618 1346 726 1422 quippe
749 1344 872 1404 eandem
896 1346 1045 1406 fortunam
1067 1346 1178 1423 ubique
1201 1364 1265 1407 esse

90 1426 260 1490 credebant
287 1435 317 1487 et
336 1429 463 1488 victores
485 1428 592 1489 Persas
620 1428 657 1488 ad
685 1429 825 1506 praedam
854 1429 1041 1492 discurrisse.
1092 1430 1265 1509 Sisigambis
1285 1438 1315 1486 11

89 1510 281 1574 hortantibus
304 1513 441 1590 captivis,
471 1520 504 1572 ut
531 1514 660 1573 animum
689 1532 705 1572 a
734 1532 870 1574 maerore
898 1514 1062 1585 adlevaret,
1090 1517 1120 1574 in
1151 1514 1265 1582 eodem,

89 1616 151 1678 qno
179 1604 268 1659 antea
294 1596 363 1664 luit,
392 1599 600 1675 perseveravit.
651 1596 717 1657 Non
744 1616 799 1658 vox
828 1597 887 1659 ulla
915 1599 1022 1659 excidit
1052 1600 1093 1668 ei,
1124 1601 1266 1660 nonoris

91 1680 177 1743 color
205 1679 340 1742 vultusve
369 1687 497 1742 mutatus
526 1687 583 1741 ast:
619 1680 696 1742 sedit
723 1681 873 1743 inmobilis
900 1716 942 1727 -—
970 1683 1075 1753 credo,
1105 1685 1266 1762 praecoqui

88 1765 203 1845 gaudio
226 1767 319 1825 verita
340 1767 464 1824 inritare
486 1765 635 1826 fortunam
649 1799 703 1843 -,
727 1766 801 1826 adeo
824 1775 868 1836 ut,
893 1767 963 1845 quid
987 1766 1102 1836 mallet,
1125 1769 1265 1828 intuenti·

86 1850 149 1912 bus
174 1866 241 1909 eam
262 1849 352 1909 luerit
373 1852 531 1909 incertum.
569 1849 650 1909 lnter
672 1850 746 1910 baec
768 1850 916 1919 Menidas,
940 1853 1109 1929 praelectus
1131 1853 1266 1927 equitum
1285 1857 1316 1905 12

87 1932 267 2003 Alexandri,
282 1951 349 1994 carm
364 1936 466 2012 paucis
481 1936 587 1995 turmis
600 1951 686 2010 opem
702 1933 912 2012 inpedimentis
927 1933 1041 1995 laturus
1056 1935 1216 1994 advenerat
1227 1969 1265 1978 -

87 2020 245 2079 incertum
277 2034 370 2077 suone
398 2017 520 2078 consilio
548 2036 586 2079 an
620 2020 699 2096 regis
732 2019 857 2096 imperio
886 2053 924 2061 -
954 2018 1005 2078 sed
1041 2036 1100 2078 non
1128 2018 1268 2078 sustinuit

90 2103 305 2165 Caucasiorum
322 2102 555 2182 Scytharumque
570 2104 728 2182 impetum,
751 2104 861 2180 quippe
877 2104 924 2162 vix
947 2110 1090 2180 temptato
1105 2103 1267 2162 certamine

92 2188 206 2265 refugit
229 2184 265 2245 ad
293 2203 411 2264 regern,
440 2189 613 2248 amissorum
641 2185 913 2265 inpedimentorum
941 2187 1026 2247 testis
1054 2188 1148 2264 magis
1177 2204 1264 2263 quam

94 2270 211 2331 nndex.
256 2269 319 2331 lam
341 2271 496 2331 consilium
519 2270 677 2332 Alexandri
701 2270 785 2332 dolor
807 2272 931 2331 vicerat:
957 2281 1001 2340 et,
1025 2289 1062 2332 ne
1085 2289 1157 2332 cura
1179 2274 1316 2331 recu-13

98 2354 221 2432 perandi
246 2373 300 2414 sua
323 2355 445 2415 militem
469 2373 485 2416 a
514 2355 629 2433 proelio
651 2364 814 2432 averteret,
842 2373 902 2415 non
930 2357 1069 2416 inmerito
1098 2356 1265 2417 verebatur.

99 2437 199 2518 ltaque
220 2441 345 2506 Areten,
369 2439 474 2500 ducem
497 2439 679 2500 hastatorum
702 2473 741 2482 -
765 2439 972 2519 sarisophoros
986 2441 1131 2501 vocabant
1151 2474 1193 2483 -
1216 2439 1266 2498 ad-

81 2526 200 2593 iversus
227 2522 353 2603 Scythas
381 2525 479 2584 mittit.
529 2524 609 2584 lnter
636 2524 710 2584 baec
732 2542 854 2593 currus,
884 2527 936 2600 qui
959 2526 1037 2584 circa
1064 2525 1159 2602 prima
1182 2525 1266 2598 signa
1286 2526 1318 2575 14

104 2607 291 2669 turbaverant
314 2608 422 2686 aciem,
446 2609 477 2667 in
499 2607 675 2686 pbalangem
698 2609 806 2667 invecti
829 2615 921 2667 erant.
960 2605 1136 2667 Macedones
1158 2607 1266 2665 confir-

106 2694 185 2753 uatis
207 2692 315 2753 animis
336 2692 368 2751 in
383 2690 512 2752 medium
530 2709 635 2770 agmen
658 2692 816 2769 accipiunt.
853 2691 935 2751 Vallo
957 2690 1061 2751 similis
1084 2692 1163 2750 acies
1186 2698 1264 2748 erat:
1285 2692 1317 2741 15

109 2776 257 2838 iunxerant
288 2775 388 2836 hastas
415 2785 444 2835 et
477 2774 513 2835 ab
542 2784 670 2856 utroque
703 2775 796 2836 latere
828 2784 940 2836 temere
971 2776 1191 2835 incurrentium
1217 2771 1266 2833 ilia

111 2859 306 2921 suffodiebant.
344 2859 507 2921 Circumire
530 2859 637 2921 deinde
652 2878 759 2921 currus
775 2869 805 2921 et
819 2868 1054 2938 propugnatores
1069 2859 1267 2937 praecipitare

81 2958 85 3017 t
115 2954 273 3023 oeperunt.
304 2943 413 3022 lngeus
434 2945 520 3005 ruina
542 2963 687 3024 equorum
703 2947 930 3023 aurigarumque
953 2945 1045 3004 aciem
1068 2943 1266 3023 conpleverat.

143 3163 163 3214 l.
174 3163 359 3219 custodum.
387 3162 476 3219 Ueber
493 3163 544 3218 den
567 3172 657 3231 genet.
709 3162 861 3224 lladnsier’,
878 3161 954 3219 wobl
971 3160 1153 3217 irrtbvimlich.
1168 3189 1201 3197 —
1219 3164 1267 3215 te-

122 3225 203 3286 allinl.
215 3230 243 3295 8.
257 3232 417 3286 29Anm.-
430 3233 580 3297 ancipiti
591 3237 657 3287 ‘von
710 3233 775 3286 atis
790 3258 825 3269 -
842 3231 984 3294 uindex,
997 3228 1172 3284 aulzuldsen:
1186 3227 1267 3282 nach-

122 3292 367 3360 iSeitendrohend’,
380 3315 412 3354 so
426 3297 598 3354 bitersbeiC.
608 3299 658 3354 mit
711 3298 771 3353 dem
784 3314 814 3353 er
873 3312 1012 3364 gewesen.

93 3444 96 3451 ,
122 3361 392 3432 mmmmm·
745 3393 784 3444 13.
798 3390 854 3445 dol
861 3407 913 3451 or,·
926 3386 1267 3445 SinntderUnmutltlrier·

94 3508 97 3513 ,
147 3457 179 3513 10.
195 3459 317 3524 ubique
341 3482 374 3502 =
399 3458 551 3525 πανταχοῦ
574 3458 658 3523 (ohne
710 3453 1268 3525 ribersiegtetiberseinenVorsatnAi.

125 3522 215 3581 rdative
226 3526 332 3590 Stvitze)
345 3543 367 3583 s.
379 3526 448 3582 Einl.
462 3523 488 3593 S.
500 3528 539 3582 15.
709 3552 743 3562 -
754 3525 986 3605 deputatorum,
1000 3523 1049 3579 der
1062 3518 1162 3583 ἱππεῖς
1171 3535 1268 3585 σαρισ-

148 3620 179 3674 11.
198 3623 233 3675 in
256 3622 383 3684 eodem,
412 3619 493 3676 naml.
518 3634 657 3675 moerore.
711 3609 839 3660 σοφοροι·
1155 3681 1161 3693 .

124 3680 265 3743 tebnliches
278 3686 415 3769 bericbtet
426 3705 480 3743 von
492 3687 536 3743 ihr
548 3686 659 3743 biodor.
746 3690 786 3740 14.
801 3689 860 3764 pri
864 3704 915 3766 ma
932 3688 1034 3750 sinna
1051 3683 1121 3737 ¹1³¹]ss
1139 3682 1198 3736 ⁵¹⁰¹¹
1215 3697 1268 3735 ΒΗΓ

81 3762 94 3865 i
124 3752 659 3891 {attintattttltittttitttt
711 3747 1268 3880 tttdtltttttttutatust}

81 3914 84 3963 ἐ
149 3903 659 3964 leenidus:ebensoArr.3.13.
712 3886 834 3951 aulbb
1129 3965 1135 3977 ·

81 4032 83 4039 ,
126 3969 658 4039 —tnpedirm‘demurain’tsnhen
746 3964 1267 4048 15.iunearentsseschrerbuogdes

127 4034 301 4105 blersonen),
314 4041 369 4095 wie
380 4040 480 4106 impert.
498 4041 659 4106 opprimere
711 4053 915 4104 συνασπισμος.
939 4060 973 4073 -
993 4036 1268 4093 incurrentium

128 4094 185 4161 lid.
195 4132 228 4146 —
241 4107 507 4171 Cedrosiorum,
526 4106 602 4162 wohl
616 4106 659 4161 die
711 4120 847 4170 equorum
866 4104 903 4158 ist
915 4118 963 4158 aus
981 4114 1089 4156 currus
1105 4117 1140 4180 zu
1156 4100 1269 4156 entneb·

129 4162 333 4230 ldllarscbalten
345 4191 388 4230 am
401 4172 492 4229 Hindu
504 4172 565 4228 lluh
580 4172 660 4238 (Cau
711 4188 787 4234 men;
798 4170 964 4238 praecipi
969 4173 1046 4223 tore
1064 4190 1098 4210 =
1111 4167 1268 4223 binabstvir-

128 4239 205 4304 esus),
222 4245 324 4297 s.14.3.
340 4240 539 4295 Diodornennt
552 4240 579 4295 in
592 4241 660 4307 glei-
713 4255 769 4300 zen,
796 4237 853 4293 abs.
878 4237 933 4293 wie
955 4240 979 4291 4.
1005 4238 1050 4298 11;
1076 4238 1196 4298 eciem,
1220 4234 1268 4289 das

127 4298 187 4357 thern
200 4306 434 4372 zasammenhang
450 4306 587 4373 ‘Scythen
604 4306 660 4362 und
713 4321 797 4371 gance
810 4303 924 4366 rreuen,
937 4302 982 4360 die
994 4317 1080 4369 ganze
1092 4301 1176 4357 Linie.
