2898 4906
367 321 608 376 nrsrornauuu
630 327 836 374 annianum
858 329 898 394 x,
922 325 946 375 a.
1177 314 1239 378 213

63 499 155 561 quam
180 487 311 551 ceteros,
335 481 396 542 sive
419 483 562 560 nominis,
585 482 663 561 quod
685 490 804 560 genter,
834 501 909 562 quae
931 486 1006 545 suut
1026 482 1081 545 sub
1104 483 1236 564 regibus,
1256 505 1272 552 3

62 567 147 626 inter
170 567 243 627 deos
266 568 383 636 colunt,
411 567 472 626 sive
494 568 613 646 propria
637 569 729 643 ipsius
750 569 915 635 veneratio,
944 569 1005 629 sive
1027 568 1135 629 fidncia
1159 577 1239 630 tanta

64 653 93 710 vi
119 652 288 710 exercentis
317 651 477 728 imperium
507 652 672 711 conterruit
700 669 765 712 eos:
796 650 946 729 singulare
976 662 1058 713 certe
1080 653 1272 717 edideruntt

62 736 229 814 patientiae
252 734 417 813 exemplum
446 734 581 811 adeoque
603 751 663 796 non
685 743 755 795 sunt
777 738 894 796 accensi
923 737 1069 816 supplicio
1092 737 1237 798 commili-

62 830 187 888 tonum,
221 836 290 878 oum
322 817 377 878 snb
412 826 529 880 noctem
562 817 734 879 interiectos
767 837 835 880 esse
866 828 1058 896 cognossent,
1096 830 1130 882 ut
1163 821 1237 882 nihil

63 903 241 972 omiserint,
270 902 349 978 quod
372 901 480 981 singuli
509 904 602 982 magis
624 903 819 964 oboedienter
847 912 877 965 et
898 905 948 983 pie
974 903 1118 966 tacerent.
1162 905 1271 971 Nam5

63 995 278 1064 composcere
301 986 349 1048 die
379 986 524 1066 prohibiti
546 987 626 1048 aditu
654 989 734 1066 regis
763 997 863 1048 essent
886 989 1023 1048 Asiaticis
1046 988 1134 1048 modo
1157 989 1236 1050 mili·

61 1071 147 1131 tibus
169 1069 323 1139 admissis,
352 1068 510 1148 lugubrem
536 1074 607 1132 totis
635 1073 739 1132 castris
768 1071 889 1132 edidere
917 1070 1093 1142 clamorem,
1124 1072 1237 1134 denun-

10 1149 178 1216 titiantes
199 1155 335 1234 protinus
359 1157 618 1225 essemorituros,
642 1158 736 1216 sirex
758 1164 964 1234 perseveraret
986 1156 1084 1217 irasci.
1129 1159 1166 1217 tt
1187 1155 1270 1224 illes
1372 1159 1373 1162 ’
1428 1185 1432 1194 —

62 1240 231 1318 pervicacis
254 1239 290 1299 ad
318 1241 431 1309 omnia,
459 1257 535 1318 quae
558 1241 712 1320 agitasset,
730 1242 832 1300 *animi
850 1242 1086 1318 peregrinorum
1110 1241 1236 1302 militum

62 1325 237 1384 contionem
271 1322 409 1384 advocari
441 1322 526 1384 iubet
553 1323 766 1388 Macedonibus
795 1326 872 1386 intra
901 1333 999 1385 castra
1026 1323 1165 1386 cohibitis
1198 1334 1235 1391 et,
1336 1383 1337 1386 ,

62 1425 133 1468 cum
149 1407 322 1486 frequentes
336 1408 477 1477 coissent,
502 1406 635 1469 adhibito
651 1410 814 1488 interprete
830 1407 918 1469 talem
934 1410 1097 1470 orationem
1116 1407 1234 1486 babuit:

62 1491 153 1553 ‘Cum
177 1509 213 1551 ex
235 1491 353 1570 Europa
375 1493 532 1552 traicerem
555 1492 585 1553 in
607 1493 719 1561 Asiam,
745 1491 851 1553 multas
874 1491 989 1554 nobiles
1011 1502 1129 1572 gentes,
1153 1509 1268 1570 mag-r

62 1593 134 1636 nam
159 1576 217 1635 vim
239 1575 393 1636 hominum
415 1577 544 1653 imperio
560 1594 627 1636 meo
642 1595 691 1638 me
706 1576 874 1637 additurum
891 1595 956 1638 esse
969 1576 1135 1657 sperabam.
1175 1577 1235 1638 Nec
1255 1593 1270 1641 8

62 1661 211 1740 deceptus
233 1677 315 1728 sum,
338 1659 418 1738 quod
441 1660 478 1720 de
500 1661 547 1721 bis
570 1660 685 1721 credidi
707 1662 814 1722 lamae.
860 1660 919 1722 Sed
941 1661 978 1722 ad
1006 1660 1056 1724 illa
1085 1661 1141 1722 hoe
1164 1680 1236 1741 quo-

63 1762 124 1821 que
147 1745 286 1812 accessit,
314 1743 392 1823 quod
415 1744 501 1804 video
529 1745 622 1805 fortes
649 1746 730 1805 viros
757 1746 786 1806 et
812 1761 882 1822 erga
910 1763 997 1823 reges
1024 1763 1094 1806 suos
1121 1746 1281 1826 pietatis·

61 1827 201 1888 invictae.
246 1827 329 1902 Luxu
352 1829 449 1888 omnia
477 1828 571 1890 liuere
593 1828 778 1904 credideram
802 1836 830 1890 et
857 1831 948 1891 nimia
976 1829 1117 1890 Felicitate
1139 1833 1269 1906 mergit

61 1915 96 1972 in
124 1910 298 1990 voluptates.
348 1914 385 1973 tt
414 1911 566 1981 hercules,
598 1914 700 1974 munia
729 1911 853 1974 militiae
886 1914 942 1974 boc
970 1915 1136 1973 animorum
1171 1932 1237 1972 eor-

60 2013 233 2075 porumquc
255 1995 364 2056 robore
387 2015 481 2076 aeque
502 1996 629 2078 impigre
652 1997 786 2058 toleratis
809 2005 852 2067 et,
882 2016 949 2058 cum
973 1998 1063 2058 lortes
1085 1998 1141 2057 viri
1163 1998 1236 2064 sitis,

96 2185 123 2234 3,
152 2180 300 2234 nominis
331 2194 371 2234 se.
403 2182 477 2246 regii
502 2180 625 2244 :der
676 2179 802 2247 gleichen
820 2179 857 2235 ist
875 2179 950 2234 Caes.
964 2178 989 2234 b.
1001 2194 1027 2246 g.
1047 2182 1237 2246 trutper-

60 2245 291 2312 tonigtiehen
313 2246 440 2302 thrde
467 2248 520 2303 wie
544 2251 567 2301 7.
593 2249 625 2298 15
673 2249 777 2315 pauore
805 2248 977 2303 desideretis
1008 2247 1052 2311 (=
1081 2263 1145 2303 cum
1180 2264 1238 2302 non

61 2315 200 2369 adsuetos
230 2327 294 2368 esee
323 2329 425 2370 nomen
455 2317 548 2381 ipsum
578 2316 625 2378 (--
676 2315 793 2370 miiitum
817 2315 953 2380 obesset),
981 2317 1050 2382 puin
1072 2317 1168 2370 cuncti
1189 2332 1238 2370 eu-

10 2441 11 2447 ,
60 2385 158 2448 ipsam
197 2381 362 2447 dionitotem
401 2384 491 2449 regio)
531 2383 625 2438 colere
674 2390 823 2450 perentur.

5 2498 9 2521 ,
62 2451 263 2528 venerarique·
294 2447 624 2529 YQ¹·S³!l·h¹Sl·fr³gm·
710 2469 735 2522 5.
751 2463 925 2533 prohibiti
942 2466 1048 2522 editu.
1083 2465 1137 2522 Zur
1150 2464 1237 2521 Saehe

4 2527 11 2539 ·
62 2520 86 2572 5.
102 2522 116 2567 1
134 2530 207 2582 reru
225 2530 363 2577 nomtme·
381 2514 434 2572 uc.
447 2516 480 2572 ue
498 2532 564 2585 mu·
578 2515 625 2573 Gn·
677 2532 732 2600 vgt.
753 2535 810 2588 un.
830 2537 854 2585 r.
875 2538 914 2590 11.
949 2533 986 2587 uu
1007 2534 1144 2588 Astarten
1165 2536 1237 2589 meu

61 2582 160 2652 Pomp.
178 2585 212 2633 nt
233 2597 335 2638 nomen
358 2583 463 2650 renale.
485 2611 517 2622 -
544 2590 627 2639 cunt

62 2650 126 2706 sub
151 2650 304 2716 renibus.
328 2650 383 2704 wie
404 2653 429 2705 8.
449 2653 479 2703 11
502 2653 551 2718 qui
573 2651 626 2707 eud

62 2717 207 2774 Perdicca
224 2723 337 2777 essenti
355 2717 409 2774 Cio
426 2717 460 2772 de
478 2733 537 2787 rep.
549 2722 574 2773 2.
592 2723 626 2770 43

60 2785 181 2852 populo,
209 2787 257 2850 qui
279 2785 332 2841 sub
360 2800 426 2851 rene
449 2792 500 2841 eet.
541 2784 626 2841 Sonst

64 2860 126 2920 sagt
145 2849 172 2908 C.
190 2851 286 2907 immer
308 2851 361 2907 cub
383 2852 478 2919 aliquo
501 2867 567 2933 repe
586 2855 626 2907 vi·

63 2934 149 3042 george
161 2915 453 3053 [ἷὲἰιέυθειὲῗᾶνῡςᾶῐιζ
461 2927 627 3065 111νίιέίέἱέ

63 3055 132 3110 deos
160 3056 351 3110 veneratione.
404 3053 439 3108 Es
472 3053 541 3108 lisst
567 3053 626 3109 sich

63 3121 108 3176 die
135 3119 333 3176 Construltion
358 3119 464 3188 lilglich
488 3119 528 3175 als
551 3137 626 3176 conr·

64 3205 121 3310 par.
146 3186 349 3253 compendiaria
371 3186 404 3253 (s.
422 3191 447 3243 3.
458 3194 480 3243 1.
489 3186 516 3255 4)
535 3186 626 3242 tasson

43 3264 46 3270 ’
77 3259 110 3309 dr
122 3257 200 3310 inter
216 3256 334 3311 deorum
353 3257 477 3309 nomina.
496 3281 528 3291 —
574 3271 627 3309 ro·

60 3325 144 3389 prio
166 3343 201 3364 =
227 3339 240 3377 s
272 3321 386 3386 eciell,
414 3272 625 3390 persdnfich.

65 3389 124 3456 vgt.
143 3339 338 3445 rirclislcsstlioh
357 3388 404 3445 des
423 3387 582 3444 Gedanlteus
601 3394 624 3445 3.

3 3465 5 3504 ἑ
63 3461 87 3509 6.
106 3461 147 3511 lt.

3 3607 5 3630 ἰ
96 3560 122 3613 4.
141 3563 246 3613 certe.
282 3557 308 3614 S.
328 3557 372 3613 die
388 3558 466 3613 Anni.
490 3573 523 3612 zu
540 3559 565 3611 8.
586 3559 625 3610 10.

3 3643 5 3652 ’
63 3628 104 3681 35.
128 3653 162 3662 -
188 3625 386 3680 ediderunt.
429 3625 507 3679 Aucti
533 3623 624 3678 livius

63 3692 624 3826 111.11111111111111111

4 3877 5 3888 ,
63 3827 144 3882 citus.
192 3825 218 3882 S.
246 3825 318 3881 oben
340 3830 366 3882 8.
388 3831 412 3882 b.
436 3831 467 3876 12
488 3839 535 3881 eoo.
555 3841 624 3893 pro·

4 3895 6 3950 5
62 3893 196 3948 dendum.
226 3921 260 3932 -
288 3894 379 3961 dudd
411 3893 545 3960 sinenti

62 3960 238 4026 facerent.
273 3960 325 4016 tter
337 3958 481 4018 Ausdruclr
499 3961 537 4016 ist
547 3960 625 4015 nicht

81 4044 133 4084 anz
151 4027 267 4094 logiseh.
301 4026 381 4082 Siun:
398 4027 478 4095 jeder
495 4026 624 4082 Einzelue

62 4041 130 4148 fiess
148 4094 226 4150 nicht
243 4094 292 4150 das
311 4095 455 4161 Geringste
472 4111 507 4150 an
520 4095 625 4150 Gehor·

64 4176 121 4216 sam
131 4161 188 4216 und
197 4160 530 4286 llingebuufivermissen.
542 4161 625 4229 Fulg-

63 4227 120 4283 licb
148 4231 255 4284 mdeste
273 4230 322 4285 der
368 4237 494 4296 auptsata
521 4229 626 4295 cigent-

63 4293 119 4350 lich
137 4295 261 4351 heissen:
283 4301 314 4351 ut
332 4296 403 4352 nibil
424 4296 564 4364 reliquum
581 4312 626 4352 ec·

63 4369 121 4427 set,
140 4363 216 4430 quod
301 4363 474 4430 facerent.
510 4361 548 4420 Zu
566 4379 627 4419 ver·

677 2601 753 2656 tibus
772 2617 794 2656 s.
813 2600 857 2656 die
874 2599 944 2655 Note
962 2616 995 2654 zu
1017 2605 1039 2651 1.
1058 2604 1100 2654 42.

712 2687 737 2740 6.
756 2685 959 2751 pervicacis
982 2683 1024 2738 od
1047 2685 1160 2738 omnio
1181 2684 1238 2738 wie

677 2753 829 2806 interritus
852 2751 890 2805 od
911 2753 1005 2805 omnia
1026 2755 1050 2803 4.
1077 2754 1115 2805 10.
1133 2755 1163 2812 4;
1185 2769 1237 2817 po·

677 2820 760 2874 cidus
779 2819 818 2872 od
834 2821 929 2872 omniu
946 2822 970 2873 8.
990 2822 1029 2873 14.
1047 2822 1088 2872 23.

711 2889 736 2941 8.
754 2885 877 2940 odilla
904 2885 929 2941 d.
952 2885 979 2940 lr.
1005 2885 1044 2940 ud
1066 2884 1237 2940 nobilitatem

677 2959 705 3009 et
721 2952 928 3008 multitudinem
941 2967 1048 3008 eorum.
1065 2979 1099 2988 -
1117 2967 1237 3008 ecces-

677 3023 731 3076 cit.
772 3018 822 3073 llas
866 3020 924 3081 erl..
947 3019 1072 3076 insolern
1094 3019 1169 3076 illex.
1193 3019 1238 3074 die

676 3086 826 3154 folgenden
843 3036 991 3156 Fugendm
1016 3094 1073 3142 erst
1096 3086 1238 3152 attmchtig

678 3155 793 3210 erkannt
810 3169 838 3208 11.
853 3153 967 3222 erprobt
985 3154 1069 3234 batte.
1088 3181 1119 3191 -
1139 3157 1237 3230 pideo

676 3223 794 3341 §ortes
806 3243 840 3264 =
850 3218 961 3288 ἔγνωκα
975 3221 1128 3285 erdpelooe
1141 3239 1239 3282 οντας.

700 3289 737 3356 gt.
757 3289 824 3344 Vell.
844 3293 867 3344 1.
886 3294 916 3340 tt
937 3289 1006 3344 vidit
1024 3289 1100 3357 filios
1121 3289 1237 3344 adultae

678 3359 781 3412 uelutis
807 3348 929 3423 (deenen
958 3355 1012 3412 cic.
1039 3355 1094 3410 Cat.
1124 3359 1137 3406 t
1165 3355 1236 3410 mul·

675 3430 769 3479 torum
780 3426 898 3492 coquom·
910 3425 1083 3479 senectutem
1093 3424 1156 3478 sine
1166 3437 1237 3488 rue-

676 3490 739 3547 relu
761 3507 789 3545 u.
813 3490 883 3546 oben
907 3495 931 3547 9.
951 3494 975 3542 3.
994 3495 1026 3541 22
1050 3490 1163 3555 reliquit
1187 3505 1236 3544 eos

674 3560 806 3626 firmatae
841 3559 943 3613 retiae.
960 3585 994 3594 —
1014 3558 1183 3619 inuictae,
1203 3577 1237 3598 =

675 3577 1236 3700 unbeirrssar,unerschdtterlicb.

676 3693 713 3746 ist
725 3691 830 3747 betont.
860 3691 942 3747 Beide
954 3689 1178 3758 lilgenschalten,
1193 3688 1237 3744 dre

676 3757 875 3826 Tapterkelt
892 3757 949 3813 und
968 3758 1011 3813 dio
1028 3757 1145 3815 Treue.
1164 3772 1235 3810 wer·

675 3826 727 3889 den
754 3826 824 3881 auch
851 3834 937 3897 unten
963 3824 1015 3890 8⁹
1037 3831 1166 3891 getrennt
1188 3821 1235 3879 be-

675 3894 889 4038 sppeplepbre,
916 3975 948 4039 ρο
973 3959 1043 4014 auch
1066 3957 1114 4040 bei
1129 3956 1237 4038 ¹Livius.

676 4026 771 4082 Cicero
790 4035 863 4093 sagt:
883 4024 1237 4090 otro.luxurrad1ffluere

676 4110 731 4149 von
742 4093 891 4150 Personen.
921 4093 1070 4160 Uebrigens
1089 4092 1125 4147 ist
1142 4093 1237 4148 omniu

678 4161 738 4216 hier
767 4178 820 4217 nur
853 4160 1063 4216 uubestimmter
1090 4156 1236 4228 Ausdmck

677 4228 839 4285 idromnes.
858 4257 892 4268 ·-
914 4228 977 4284 boe
1059 4228 1183 4283 robore
1201 4249 1236 4268 =

678 4296 732 4351 bei
759 4311 860 4352 curer
886 4294 1103 4363 Tuchtiglreit
1130 4302 1181 4350 etc.
1202 4328 1236 4336 -

680 4377 785 4430 oeque
812 4366 958 4431 impigre
984 4364 1156 4420 toleratio.
1201 4362 1236 4416 lta
