2752 4776
80 238 122 301 tut
529 252 561 311 c.
586 254 688 301 ecurt
711 254 792 303 surr

591 410 665 469 (lae.
690 407 738 469 xl.

49 526 60 571 1
165 510 201 569 Et
234 518 332 569 cetera
368 506 488 585 quidem
521 518 676 585 pacauerat
708 528 772 569 rex.
828 511 892 573 [ua
925 518 992 572 erat
1032 518 1134 590 petra,
1161 506 1272 590 quamll

79 594 231 653 Arimazes
262 590 429 669 Sogdianus
456 614 518 651 m
551 590 670 653 milibus
701 602 882 655 armatorum
917 593 1076 656 obtinebat
1109 592 1244 655 alimentis

80 685 150 737 ante
164 678 325 755 congestis,
343 694 418 755 quae
434 684 532 736 tantae
548 675 729 737 multitudini
744 678 789 737 rel
805 696 859 756 per
874 678 1033 740 biennium
1047 686 1243 757 suppeterent

46 776 62 823 a
81 760 167 821 Petra
190 763 220 821 iu
236 760 417 823 altitudinem
433 782 496 820 xxx
518 762 628 819 eminet
649 760 758 829 stadia,
781 764 909 823 circuitu
924 782 942 824 c
957 772 989 823 et
1001 784 1021 825 s
1043 760 1244 843 conplectitur:

47 845 211 927 anulique
244 845 357 907 abscisa
390 854 420 905 et
447 843 573 922 abrupta
601 846 705 906 semita
733 857 911 924 perangusta
939 846 1051 908 aditur.
1098 846 1134 909 lu
1158 846 1243 909 medio

80 928 242 991 altitudinis
264 932 360 1010 spatio
382 927 472 990 babet
500 945 637 1005 specum,
667 930 751 991 cuius
773 948 808 991 os
828 938 927 991 artum
954 940 985 991 et
1012 930 1174 993 obscurum
1192 938 1239 1001 est,

79 1013 220 1091 paulatim
243 1014 350 1075 deiude
377 1012 520 1073 ulteriora
548 1012 734 1090 panduntur,
764 1012 866 1075 ultima
894 1016 983 1075 etiam
1013 1013 1095 1077 altos
1121 1032 1241 1077 recessus

80 1095 200 1160 babent.
246 1098 356 1158 Fontes
377 1116 433 1176 per
455 1104 550 1157 totum
572 1097 636 1157 iere
658 1115 780 1176 specum
801 1107 934 1165 manant,
958 1118 976 1159 e
998 1098 1114 1177 quibus
1133 1096 1243 1161 colam

47 1195 173 1259 saonae
205 1200 260 1262 per
292 1198 386 1258 prona
419 1183 531 1241 montis
563 1180 673 1241 llumen
706 1185 855 1245 emittunt.
900 1182 963 1244 Rex
991 1182 1053 1243 loci
1082 1180 1244 1245 diiilcultttc

79 1275 210 1344 spectata
233 1273 376 1326 statuerat
398 1265 469 1325 inde
485 1264 583 1333 abire,
607 1264 715 1344 cupido
735 1266 844 1327 deiude
858 1268 982 1327 incessit
996 1270 1104 1329 auimo
1119 1276 1246 1329 naturam

47 1362 200 1429 suusque
236 1347 389 1425 fatigandi.
439 1348 526 1409 Prius
562 1358 662 1410 tamen
699 1367 787 1427 quam
819 1351 970 1412 lurtumm
1005 1351 1173 1413 obsidionis
1203 1370 1246 1413 er·

47 1436 248 1511 ·periretur‚
280 1431 402 1511 Cophen
424 1432 624 1493 -Artabazi
658 1432 706 1495 hic
738 1433 818 1495 lilius
848 1443 975 1495 erat-
1002 1436 1090 1496 misit
1121 1435 1159 1497 ad
1184 1434 1246 1497 bar·

81 1516 184 1584 baras,
214 1518 265 1597 qui
291 1516 445 1584 suaderet,
480 1525 512 1576 ut
544 1516 689 1578 dederent
722 1536 838 1599 rupem.
882 1521 1036 1581 Arimazes
1063 1520 1133 1581 loco
1160 1520 1247 1581 fretus

80 1600 211 1679 superbe
234 1598 325 1660 multa
343 1600 512 1679 respondit,
536 1601 573 1661 ad
596 1600 750 1670 ultimum,
774 1621 812 1663 an
827 1601 993 1664 Alexander
1015 1601 1123 1666 solare
1143 1612 1244 1683 posset

46 1685 255 1763 oiuterrogat.
292 1682 374 1754 Quae
397 1688 532 1746 nuntiata
554 1686 618 1764 regi
634 1686 677 1746 sic
692 1686 1023 1763 accenderejauimum,
1046 1695 1083 1750 ut
1106 1688 1243 1757 adhibitis,

80 1786 147 1829 cum
171 1768 279 1847 quibus
306 1768 472 1830 consultare
499 1777 563 1829 erat
590 1768 711 1847 solitus,
741 1771 887 1832 iudicaret
912 1770 1107 1833 insolentiam
1134 1772 1242 1834 barbari

80 1852 227 1915 eludentis
248 1856 345 1934 ipsos,
368 1855 435 1930 quia
455 1855 561 1932 pinnas
576 1871 636 1914 nou
659 1852 820 1915 baberent:
843 1873 875 1916 se
889 1863 989 1917 autem
1011 1858 1152 1933 proxima
1167 1864 1242 1917 nostt

47 1936 272 2009 tellecturum,
307 1946 338 1999 ut
371 1938 509 2000 crederet
536 1938 713 1999 Macedones
741 1941 830 2000 etiam
859 1937 969 2001 solare.
1019 1942 1118 2009 ‘ccc’,
1146 1940 1243 2019 lnqtdt,

80 2024 315 2101 ‘pernicissimos
336 2026 459 2083 iuvenes
481 2039 518 2081 ex
540 2023 601 2082 suis
622 2023 748 2103 quisque
768 2024 862 2102 copiis
884 2023 1040 2103 perducite
1052 2023 1091 2084 ad
1114 2024 1179 2097 me,
1199 2025 1244 2104 qni

80 2124 134 2183 per
157 2108 247 2169 calles
269 2117 299 2168 et
320 2125 416 2186 paene
438 2106 529 2167 invias
550 2124 643 2186 rupes
665 2106 746 2168 domi
767 2125 877 2186 pecora
899 2125 988 2187 agere
1011 2110 1243 2171 consueverant'

45 2188 125 2250 allli
147 2200 332 2268 praestantes
359 2201 389 2252 et
413 2189 529 2251 levitate
557 2207 718 2270 corporum
747 2200 777 2252 et
803 2192 910 2253 ardore
931 2194 1102 2253 animorum
1129 2202 1243 2255 strenue

80 2274 239 2335 adducunt.
289 2275 370 2347 Quos
397 2276 514 2335 intuens
546 2291 617 2352 rex,
651 2273 842 2345 ‘Vobiscum
872 2277 982 2357 iuquit,
1012 2280 1043 2337 ‘o
1069 2277 1195 2339 iuvenes
1218 2284 1244 2337 et

80 2358 137 2418 mei
166 2359 318 2435 aequales,
352 2357 472 2419 urbium
500 2357 676 2419 invictarum
710 2366 777 2420 ante
810 2378 858 2421 me
889 2362 1075 2421 munimenta
1105 2360 1242 2439 superari,

80 2445 222 2503 montium
245 2444 314 2521 iuga
335 2444 460 2521 perenni
483 2444 550 2502 nive
572 2442 678 2503 obruta
694 2460 834 2505 emensus
856 2463 938 2514 sum,
960 2445 1116 2522 augustias
1130 2438 1243 2508 Ciliciae

44 2528 203 2597 sintravi,
226 2528 327 2589 ludiae
342 2528 407 2588 siue
429 2527 603 2587 lassitudine
622 2530 682 2587 rim
704 2527 825 2605 frigoris
847 2547 912 2589 sum
927 2545 1101 2609 perpessus.
1139 2529 1177 2591 Et
1190 2528 1242 2589 mei

79 2610 254 2673 documenta
278 2612 360 2673 vobis
382 2611 450 2672 dedi
473 2619 502 2670 et
516 2618 613 2671 vestra
636 2609 740 2672 habeo.
778 2611 881 2683 Petra,
905 2631 993 2693 quam
1008 2613 1133 2683 videtis,
1155 2630 1241 2675 unum

79 2694 189 2757 aditum
218 2697 322 2767 habet,
358 2715 447 2776 quem
477 2695 597 2756 barbari
625 2694 777 2757 obsident:
814 2706 914 2758 cetera
942 2696 1121 2775 neglegunt,
1143 2696 1253 2765 lnullae=

30 2784 62 2833 ιο
79 2780 195 2858 vigiliae
217 2791 299 2850 arsut,
323 2784 382 2843 nisi
406 2798 481 2861 quae
501 2790 597 2840 castra
620 2786 720 2840 nostra
743 2790 888 2858 spectant.
927 2781 1087 2842 Invenietis
1109 2780 1242 2853 usust

78 2864 215 2925 sollerter
230 2867 327 2925 rimati
341 2867 457 2926 lueritis
473 2864 568 2924 aditus
590 2864 714 2925 ferentis
742 2864 777 2924 ad
808 2882 962 2930 cacumen,
999 2865 1079 2926 Nihil
1107 2874 1167 2929 tarn
1190 2864 1241 2928 alte

78 2956 184 3008 uatura
207 2951 371 3019 coustituit,
400 2967 458 3027 quo
481 2950 575 3009 virtus
600 2965 659 3008 uon
689 2949 781 3026 possit
809 2951 891 3009 eniti.
936 2949 1142 3029 Experieudo,
1172 2966 1241 3031 quas

76 3128 250 3185 baltriscben
269 3130 382 3186 Reiches
402 3130 488 3186 durch
506 3131 550 3185 die
569 3132 635 3199 Scy·
687 3132 720 3185 tu
741 3134 822 3186 terra
842 3130 973 3194 dolitum,
1001 3135 1096 3190 amnis
1119 3132 1242 3191 nebulm

78 3196 143 3251 tbcu
162 3211 185 3251 c.
206 3199 254 3247 136
273 3213 296 3251 v.
315 3197 376 3252 Chr.
687 3196 731 3252 bei
749 3196 817 3253 Plin.
835 3197 860 3253 d.
880 3204 903 3254 A.

294 3295 358 3349 cst·
376 3294 422 3351 XL
720 3285 745 3337 4.
762 3281 947 3349 festinandi
962 3282 1072 3339 starker
1083 3284 1126 3340 als
1144 3301 1242 3353 oppur-

221 3401 227 3413 ‚
473 3401 479 3413 ,
686 3346 1243 3418 nandi.Vgl.oures,poticnts'omalicuius

72 3459 81 3481 ‚
113 3404 135 3455 l·
163 3399 345 3478 Arimazes
375 3397 575 3482 &distantis
601 3425 635 3444 ²
685 3416 828 3483 fotium,-
854 3418 947 3473 verbis
969 3417 1092 3485 aliquem
1112 3419 1242 3487 fatiscas.

75 3470 248 3549 duwdultlts
267 3466 396 3535 ΡΟῙΥθθῐῑ·
408 3471 433 3524 4·
446 3472 469 3548 ³:
483 3472 529 3531 29;
549 3470 635 3531 ΑΜ·
722 3486 746 3539 ὅ.
766 3481 916 3551 Cophen,
936 3502 957 3540 s.
974 3485 1036 3542 Arr.
1054 3490 1079 3542 2.
1100 3491 1146 3551 15;
1165 3493 1190 3543 3.
1205 3490 1242 3542 28.

97 3537 178 3603 stus.
198 3534 288 3592 sorau.
303 3552 330 3603 u·
343 3539 401 3587 ⁵1⁷·
431 3536 524 3591 mesor
538 3534 635 3615 uelem
687 3578 721 3587 -
739 3551 869 3616 vorare,
888 3550 942 3618 sgr.
960 3554 1021 3609 au.
1038 3556 1064 3609 4.
1083 3557 1116 3606 rs
1136 3550 1188 3608 aas
1200 3550 1241 3619 ss-

75 3555 122 3671 lag
151 3603 220 3659 nach
250 3602 302 3658 den
337 3611 492 3682 genanuteu
521 3602 636 3660 Schrrit·
688 3620 755 3670 am,
782 3618 1003 3701 βαρβαρίζοντες
1036 3616 1167 3703 qvuvot'ts
1188 3614 1242 3675 snt.

76 3670 199 3751 3111119111,
213 3670 241 3725 11]
262 3670 413 3750 §auduom
436 3671 532 3751 Asslf'ffl
560 3671 635 3726 iden·
688 3684 1242 3754 λευονζητεῖνστρατιωταςΑλέξανδρον.

75 3737 171 3794 trsrcrrt
191 3739 239 3793 rhu
261 3753 289 3792 m
312 3754 416 3794 semem
437 3738 547 3793 Bericht
573 3755 635 3793 zum
721 3755 745 3808 7,
773 3768 835 3819 per
868 3770 907 3809 Μ
917 3754 983 3810 1133
1021 3772 1043 3809 s·
1074 3759 1098 3810 3,
1131 3760 1170 3812 10·
1201 3759 1241 3815 1⁰:

76 3805 153 3861 ’111θὶ1
179 3806 230 3861 mli
251 3805 300 3859 der
323 3810 347 3861 8.
370 3810 395 3862 2.
413 3810 446 3858 20
473 3806 635 3862 erwdhnletl
686 3827 896 3876 consueverant
926 3844 960 3865 =
987 3827 1074 3877 antea
1109 3823 1240 3880 solebam.

75 3872 158 3928 Veste
176 3874 223 3928 des
243 3872 421 3954 Sisimithres:
590 3942 596 3954 ι
720 3891 744 3942 8.
757 3890 822 3943 mei
833 3889 1010 3956 aequales,
1023 3891 1080 3945 mei
1088 3887 1186 3946 betont
1196 3889 1241 3946 snit

109 3944 134 3992 2.
154 3940 247 3996 XXX
261 3979 307 4020 ·.··
327 3941 443 3995 stadia
455 3964 488 3984 =
500 3940 535 4008 ³ls
547 3940 634 3998 Melle·
686 3952 789 4020 ldnigl.
807 3952 1005 4023 Selbstgeidhl.
1023 3984 1057 3993 —
1074 3955 1201 4013 Indiae
1216 3956 1239 4013 d.

74 4005 182 4062 Ebeuso
212 4007 349 4063 berrclrtet
378 4007 476 4064 Strabo
504 4027 526 4065 a.
553 4027 576 4065 a.
604 4009 634 4066 0.
687 4021 712 4075 h,
743 4021 875 4077 aunachst
909 4040 962 4079 nur
992 4021 1118 4079 Caucasi
1149 4024 1241 4080 Jndici

109 4079 134 4128 3.
158 4075 251 4157 fultos
274 4077 634 4156 recessus·=·‘hoch··
688 4087 905 4154 (Pas-apamiae),
947 4089 1004 4158 Vgl.
1032 4095 1055 4146 3.
1083 4095 1184 4148 t-ts.
1210 4116 1239 4127 -

75 4142 249 4261 flesvolbte
266 4141 409 4208 Rdume’,
430 4143 473 4199 dre
491 4144 550 4200 srch
567 4150 635 4199 west
686 4161 804 4211 vestra
822 4179 856 4199 =
874 4160 996 4220 vestri,
1014 4174 1036 4213 s,
1055 4156 1157 4223 Binis
1175 4156 1237 4212 tub,

95 4208 167 4265 insin
204 4209 308 4265 sichen.
343 4239 377 4247 —
406 4211 564 4267 collatae
599 4235 633 4255 =
721 4222 1237 4292 10.olte...consts'tuit,ugioltr

74 4278 257 4340 confluentes.
286 4276 325 4330 Zu
342 4279 471 4333 emittunt
483 4277 536 4345 vgl.
554 4283 633 4337 emit·
685 4296 831 4357 spectare,
850 4307 979 4360 surpere.
