<?xml version="1.0" encoding="UTF-8"?>
<!DOCTYPE html PUBLIC "-//W3C//DTD XHTML 1.0 Transitional//EN"
    "http://www.w3.org/TR/xhtml1/DTD/xhtml1-transitional.dtd">
<html xmlns="http://www.w3.org/1999/xhtml" xml:lang="en" lang="en">
 <head>
  <title>
</title>
<meta http-equiv="Content-Type" content="text/html;charset=utf-8" />
  <meta name='ocr-system' content='tesseract 3.04.00' />
  <meta name='ocr-capabilities' content='ocr_page ocr_carea ocr_par ocr_line ocrx_word'/>
</head>
<body>
  <div class='ocr_page' id='page_1' title='image "./qcurtirufihisto00rufugoog_0422.png"; bbox 0 0 2898 4906; ppageno 0'>
   <div class='ocr_carea' id='block_1_1' title="bbox 7 3289 179 3348">
    <p class='ocr_par' dir='ltr' id='par_1_1' title="bbox 7 3289 179 3348">
     <span class='ocr_line' id='line_1_1' title="bbox 7 3289 179 3348; baseline -0.006 -1"><span class='ocrx_word' id='word_1_1' title='bbox 7 3289 9 3308; x_wconf 76' lang='lat'><em>³</em></span> <span class='ocrx_word' id='word_1_2' title='bbox 74 3299 179 3348; x_wconf 83' lang='lat' dir='ltr'>tranat.</span> 
     </span>
    </p>
   </div>
   <div class='ocr_carea' id='block_1_2' title="bbox 372 305 1243 386">
    <p class='ocr_par' dir='ltr' id='par_1_2' title="bbox 372 305 1243 386">
     <span class='ocr_line' id='line_1_2' title="bbox 372 305 1243 386; baseline 0 -16"><span class='ocrx_word' id='word_1_3' title='bbox 372 323 615 372; x_wconf 75' lang='lat' dir='ltr'>maenomenon</span> <span class='ocrx_word' id='word_1_4' title='bbox 637 321 844 370; x_wconf 71' lang='lat' dir='ltr'>aneatorum</span> <span class='ocrx_word' id='word_1_5' title='bbox 865 324 903 386; x_wconf 86' lang='lat' dir='ltr'>x,</span> <span class='ocrx_word' id='word_1_6' title='bbox 928 319 950 368; x_wconf 90' lang='lat'>1.</span> <span class='ocrx_word' id='word_1_7' title='bbox 1153 305 1243 370; x_wconf 81' lang='lat'>&#39;205</span> 
     </span>
    </p>
   </div>
   <div class='ocr_carea' id='block_1_3' title="bbox 7 476 1385 2317">
    <p class='ocr_par' dir='ltr' id='par_1_3' title="bbox 7 476 1385 644">
     <span class='ocr_line' id='line_1_3' title="bbox 73 476 1385 560; baseline -0.002 -20"><span class='ocrx_word' id='word_1_8' title='bbox 73 479 212 560; x_wconf 74' lang='lat' dir='ltr'>possint?</span> <span class='ocrx_word' id='word_1_9' title='bbox 249 477 333 550; x_wconf 84' lang='lat' dir='ltr'>Quod</span> <span class='ocrx_word' id='word_1_10' title='bbox 356 479 392 540; x_wconf 91' lang='lat' dir='ltr'>ad</span> <span class='ocrx_word' id='word_1_11' title='bbox 415 497 463 543; x_wconf 89' lang='lat' dir='ltr'>me</span> <span class='ocrx_word' id='word_1_12' title='bbox 481 479 600 548; x_wconf 88' lang='lat' dir='ltr'>attinet,</span> <span class='ocrx_word' id='word_1_13' title='bbox 623 479 687 557; x_wconf 85' lang='lat' dir='ltr'>ipse</span> <span class='ocrx_word' id='word_1_14' title='bbox 709 483 765 538; x_wconf 91' lang='lat' dir='ltr'>hoe</span> <span class='ocrx_word' id='word_1_15' title='bbox 786 476 905 540; x_wconf 87' lang='lat' dir='ltr'>bustum</span> <span class='ocrx_word' id='word_1_16' title='bbox 922 486 1008 539; x_wconf 88' lang='lat' dir='ltr'>antea</span> <span class='ocrx_word' id='word_1_17' title='bbox 1025 495 1083 540; x_wconf 92' lang='lat' dir='ltr'>uon</span> <span class='ocrx_word' id='word_1_18' title='bbox 1099 477 1240 548; x_wconf 87' lang='lat' dir='ltr'>videram,</span> <span class='ocrx_word' id='word_1_19' title='bbox 1259 493 1293 544; x_wconf 77' lang='lat' dir='ltr'>aa</span> <span class='ocrx_word' id='word_1_20' title='bbox 1382 508 1385 518; x_wconf 87' lang='grc'>·</span> 
     </span>
     <span class='ocr_line' id='line_1_4' title="bbox 7 560 1240 644; baseline -0.003 -18"><span class='ocrx_word' id='word_1_21' title='bbox 7 621 10 642; x_wconf 78' lang='lat'>‚</span> <span class='ocrx_word' id='word_1_22' title='bbox 74 565 128 626; x_wconf 88' lang='lat' dir='ltr'>sed</span> <span class='ocrx_word' id='word_1_23' title='bbox 153 579 191 624; x_wconf 84' lang='lat' dir='ltr'>ex</span> <span class='ocrx_word' id='word_1_24' title='bbox 206 564 302 626; x_wconf 83' lang='lat' dir='ltr'><strong>Dareo</strong></span> <span class='ocrx_word' id='word_1_25' title='bbox 324 564 363 624; x_wconf 92' lang='lat' dir='ltr'>ita</span> <span class='ocrx_word' id='word_1_26' title='bbox 378 563 496 644; x_wconf 82' lang='lat' dir='ltr'>accepi,</span> <span class='ocrx_word' id='word_1_27' title='bbox 518 583 556 624; x_wconf 85' lang='lat'>111</span> <span class='ocrx_word' id='word_1_28' title='bbox 577 561 657 624; x_wconf 92' lang='lat' dir='ltr'>milia</span> <span class='ocrx_word' id='word_1_29' title='bbox 679 562 821 624; x_wconf 76' lang='lat' dir='ltr'>talentum</span> <span class='ocrx_word' id='word_1_30' title='bbox 844 560 963 624; x_wconf 83' lang='lat' dir='ltr'>condita</span> <span class='ocrx_word' id='word_1_31' title='bbox 986 581 1051 624; x_wconf 87' lang='lat' dir='ltr'>essa</span> <span class='ocrx_word' id='word_1_32' title='bbox 1071 581 1138 624; x_wconf 92' lang='lat' dir='ltr'>oum</span> <span class='ocrx_word' id='word_1_33' title='bbox 1154 561 1240 644; x_wconf 77' lang='lat' dir='ltr'>Cyro.</span> 
     </span>
    </p>

    <p class='ocr_par' dir='ltr' id='par_1_4' title="bbox 7 644 1293 2317">
     <span class='ocr_line' id='line_1_5' title="bbox 7 644 1293 728; baseline -0.003 -18"><span class='ocrx_word' id='word_1_34' title='bbox 7 649 10 698; x_wconf 71' lang='grc' dir='ltr'><strong>ἱ</strong></span> <span class='ocrx_word' id='word_1_35' title='bbox 75 649 154 710; x_wconf 85' lang='lat' dir='ltr'>ilinc</span> <span class='ocrx_word' id='word_1_36' title='bbox 176 648 226 710; x_wconf 91' lang='lat' dir='ltr'>illa</span> <span class='ocrx_word' id='word_1_37' title='bbox 249 647 415 726; x_wconf 79' lang='lat' dir='ltr'><strong>benignitas</strong></span> <span class='ocrx_word' id='word_1_38' title='bbox 441 649 472 708; x_wconf 92' lang='lat' dir='ltr'>in</span> <span class='ocrx_word' id='word_1_39' title='bbox 502 657 546 718; x_wconf 86' lang='lat' dir='ltr'>te,</span> <span class='ocrx_word' id='word_1_40' title='bbox 575 655 621 718; x_wconf 88' lang='lat' dir='ltr'>ut,</span> <span class='ocrx_word' id='word_1_41' title='bbox 649 647 728 728; x_wconf 87' lang='lat' dir='ltr'>quod</span> <span class='ocrx_word' id='word_1_42' title='bbox 756 647 877 726; x_wconf 88' lang='lat' dir='ltr'>impune</span> <span class='ocrx_word' id='word_1_43' title='bbox 905 644 1016 708; x_wconf 89' lang='lat' dir='ltr'>habere</span> <span class='ocrx_word' id='word_1_44' title='bbox 1038 663 1097 708; x_wconf 89' lang='lat' dir='ltr'>noo</span> <span class='ocrx_word' id='word_1_45' title='bbox 1126 656 1293 726; x_wconf 73' lang='lat' dir='ltr'>potetates</span> 
     </span>
     <span class='ocr_line' id='line_1_6' title="bbox 7 729 1293 809; baseline -0.002 -14"><span class='ocrx_word' id='word_1_46' title='bbox 7 731 10 806; x_wconf 76' lang='grc' dir='ltr'><em>ξ</em></span> <span class='ocrx_word' id='word_1_47' title='bbox 74 733 218 802; x_wconf 83' lang='lat' dir='ltr'>Orsines,</span> <span class='ocrx_word' id='word_1_48' title='bbox 243 732 378 794; x_wconf 90' lang='lat' dir='ltr'>donando</span> <span class='ocrx_word' id='word_1_49' title='bbox 401 734 489 794; x_wconf 91' lang='lat' dir='ltr'>etiam</span> <span class='ocrx_word' id='word_1_50' title='bbox 511 732 635 809; x_wconf 85' lang='lat' dir='ltr'>gratiam</span> <span class='ocrx_word' id='word_1_51' title='bbox 656 732 770 793; x_wconf 66' lang='lat' dir='ltr'>iniret?</span> <span class='ocrx_word' id='word_1_52' title='bbox 804 729 1009 794; x_wconf 73' lang='lat' dir='ltr'><strong>Concitaverat</strong></span> <span class='ocrx_word' id='word_1_53' title='bbox 1029 733 1087 792; x_wconf 92' lang='lat' dir='ltr'>iam</span> <span class='ocrx_word' id='word_1_54' title='bbox 1109 733 1242 792; x_wconf 90' lang='lat' dir='ltr'>animum</span> <span class='ocrx_word' id='word_1_55' title='bbox 1261 745 1293 798; x_wconf 81' lang='lat' dir='ltr'>aa</span> 
     </span>
     <span class='ocr_line' id='line_1_7' title="bbox 7 811 1241 896; baseline -0.002 -18"><span class='ocrx_word' id='word_1_56' title='bbox 7 811 10 866; x_wconf 78' lang='lat' dir='ltr'>l</span> <span class='ocrx_word' id='word_1_57' title='bbox 73 819 106 879; x_wconf 93' lang='lat' dir='ltr'>in</span> <span class='ocrx_word' id='word_1_58' title='bbox 136 819 228 887; x_wconf 89' lang='lat' dir='ltr'>iram,</span> <span class='ocrx_word' id='word_1_59' title='bbox 257 835 325 878; x_wconf 89' lang='lat' dir='ltr'>eum</span> <span class='ocrx_word' id='word_1_60' title='bbox 354 817 402 887; x_wconf 88' lang='lat' dir='ltr'>bi,</span> <span class='ocrx_word' id='word_1_61' title='bbox 430 815 538 896; x_wconf 88' lang='lat' dir='ltr'>quibus</span> <span class='ocrx_word' id='word_1_62' title='bbox 565 813 716 895; x_wconf 79' lang='lat' dir='ltr'>negotium</span> <span class='ocrx_word' id='word_1_63' title='bbox 746 816 824 878; x_wconf 91' lang='lat' dir='ltr'>idem</span> <span class='ocrx_word' id='word_1_64' title='bbox 852 815 989 894; x_wconf 81' lang='lat' dir='ltr'><strong>dederat,</strong></span> <span class='ocrx_word' id='word_1_65' title='bbox 1018 817 1241 895; x_wconf 84' lang='lat' dir='ltr'>superveniunt.</span> 
     </span>
     <span class='ocr_line' id='line_1_8' title="bbox 74 899 1240 981; baseline -0.002 -18"><span class='ocrx_word' id='word_1_66' title='bbox 74 901 156 964; x_wconf 87' lang='lat' dir='ltr'>ilino</span> <span class='ocrx_word' id='word_1_67' title='bbox 177 903 305 980; x_wconf 81' lang='lat' dir='ltr'>Bagoas,</span> <span class='ocrx_word' id='word_1_68' title='bbox 329 900 399 968; x_wconf 86' lang='lat' dir='ltr'>bino</span> <span class='ocrx_word' id='word_1_69' title='bbox 419 901 456 962; x_wconf 92' lang='lat' dir='ltr'>ab</span> <span class='ocrx_word' id='word_1_70' title='bbox 472 919 508 962; x_wconf 91' lang='lat' dir='ltr'>eo</span> <span class='ocrx_word' id='word_1_71' title='bbox 527 900 682 962; x_wconf 86' lang='lat' dir='ltr'>subornati</span> <span class='ocrx_word' id='word_1_72' title='bbox 696 900 780 963; x_wconf 82' lang='lat' dir='ltr'>salsis</span> <span class='ocrx_word' id='word_1_73' title='bbox 793 899 968 962; x_wconf 81' lang='lat' dir='ltr'>criminibus</span> <span class='ocrx_word' id='word_1_74' title='bbox 982 908 1128 981; x_wconf 83' lang='lat' dir='ltr'>occupant</span> <span class='ocrx_word' id='word_1_75' title='bbox 1144 917 1240 961; x_wconf 87' lang='lat' dir='ltr'>aures.</span> 
     </span>
     <span class='ocr_line' id='line_1_9' title="bbox 72 983 1292 1067; baseline 0.002 -19"><span class='ocrx_word' id='word_1_76' title='bbox 72 989 243 1067; x_wconf 77' lang='lat' dir='ltr'>Antequam</span> <span class='ocrx_word' id='word_1_77' title='bbox 259 986 389 1048; x_wconf 82' lang='lat' dir='ltr'>accusari</span> <span class='ocrx_word' id='word_1_78' title='bbox 411 1005 444 1048; x_wconf 88' lang='lat' dir='ltr'>se</span> <span class='ocrx_word' id='word_1_79' title='bbox 464 987 681 1064; x_wconf 82' lang='lat' dir='ltr'>suspicaretur,</span> <span class='ocrx_word' id='word_1_80' title='bbox 710 984 832 1046; x_wconf 82' lang='lat' dir='ltr'>Orsines</span> <span class='ocrx_word' id='word_1_81' title='bbox 852 987 884 1045; x_wconf 91' lang='lat' dir='ltr'>in</span> <span class='ocrx_word' id='word_1_82' title='bbox 899 983 1015 1048; x_wconf 84' lang='lat' dir='ltr'>rinoula</span> <span class='ocrx_word' id='word_1_83' title='bbox 1037 991 1082 1046; x_wconf 91' lang='lat' dir='ltr'>est</span> <span class='ocrx_word' id='word_1_84' title='bbox 1104 984 1241 1049; x_wconf 86' lang='lat' dir='ltr'>traditus.</span> <span class='ocrx_word' id='word_1_85' title='bbox 1260 1000 1292 1050; x_wconf 77' lang='lat' dir='ltr'>at</span> 
     </span>
     <span class='ocr_line' id='line_1_10' title="bbox 73 1069 1241 1151; baseline -0.003 -19"><span class='ocrx_word' id='word_1_86' title='bbox 73 1071 142 1132; x_wconf 87' lang='lat' dir='ltr'>Non</span> <span class='ocrx_word' id='word_1_87' title='bbox 165 1077 323 1132; x_wconf 86' lang='lat' dir='ltr'>contentus</span> <span class='ocrx_word' id='word_1_88' title='bbox 340 1069 486 1151; x_wconf 82' lang='lat' dir='ltr'>supplicio</span> <span class='ocrx_word' id='word_1_89' title='bbox 507 1071 633 1132; x_wconf 90' lang='lat' dir='ltr'>insontis</span> <span class='ocrx_word' id='word_1_90' title='bbox 655 1069 746 1148; x_wconf 85' lang='lat' dir='ltr'>spado</span> <span class='ocrx_word' id='word_1_91' title='bbox 769 1072 834 1149; x_wconf 89' lang='lat' dir='ltr'>ipse</span> <span class='ocrx_word' id='word_1_92' title='bbox 855 1071 1002 1132; x_wconf 88' lang='lat' dir='ltr'>morituro</span> <span class='ocrx_word' id='word_1_93' title='bbox 1025 1086 1144 1130; x_wconf 87' lang='lat' dir='ltr'>manum</span> <span class='ocrx_word' id='word_1_94' title='bbox 1167 1070 1241 1130; x_wconf 88' lang='lat' dir='ltr'>inie-</span> 
     </span>
     <span class='ocr_line' id='line_1_11' title="bbox 73 1151 1239 1235; baseline -0.001 -20"><span class='ocrx_word' id='word_1_95' title='bbox 73 1156 125 1217; x_wconf 84' lang='lat' dir='ltr'>eit.</span> <span class='ocrx_word' id='word_1_96' title='bbox 171 1153 266 1226; x_wconf 84' lang='lat' dir='ltr'>Quem</span> <span class='ocrx_word' id='word_1_97' title='bbox 286 1155 409 1218; x_wconf 83' lang='lat' dir='ltr'>Orsines</span> <span class='ocrx_word' id='word_1_98' title='bbox 432 1156 568 1225; x_wconf 89' lang='lat' dir='ltr'>intuens,</span> <span class='ocrx_word' id='word_1_99' title='bbox 592 1154 761 1216; x_wconf 77' lang='lat' dir='ltr'>‘Audieram</span> <span class='ocrx_word' id='word_1_100' title='bbox 770 1158 791 1224; x_wconf 82' lang='lat'>‚⁹</span> <span class='ocrx_word' id='word_1_101' title='bbox 813 1156 922 1235; x_wconf 90' lang='lat' dir='ltr'>iuquit,</span> <span class='ocrx_word' id='word_1_102' title='bbox 946 1157 991 1215; x_wconf 83' lang='lat' dir='ltr'>‘in</span> <span class='ocrx_word' id='word_1_103' title='bbox 1011 1155 1080 1216; x_wconf 83' lang='lat' dir='ltr'>Asia</span> <span class='ocrx_word' id='word_1_104' title='bbox 1102 1151 1173 1217; x_wconf 85' lang='lat' dir='ltr'>olim</span> <span class='ocrx_word' id='word_1_105' title='bbox 1193 1171 1239 1218; x_wconf 85' lang='lat' dir='ltr'>re·</span> 
     </span>
     <span class='ocr_line' id='line_1_12' title="bbox 72 1236 1292 1319; baseline 0.002 -19"><span class='ocrx_word' id='word_1_106' title='bbox 72 1257 186 1319; x_wconf 82' lang='lat' dir='ltr'>gnasse</span> <span class='ocrx_word' id='word_1_107' title='bbox 207 1240 345 1302; x_wconf 85' lang='lat' dir='ltr'>feminas:</span> <span class='ocrx_word' id='word_1_108' title='bbox 369 1240 426 1301; x_wconf 90' lang='lat' dir='ltr'>hoe</span> <span class='ocrx_word' id='word_1_109' title='bbox 447 1257 517 1300; x_wconf 88' lang='lat' dir='ltr'>vero</span> <span class='ocrx_word' id='word_1_110' title='bbox 540 1257 649 1302; x_wconf 88' lang='lat' dir='ltr'>novum</span> <span class='ocrx_word' id='word_1_111' title='bbox 671 1248 716 1300; x_wconf 88' lang='lat' dir='ltr'>est</span> <span class='ocrx_word' id='word_1_112' title='bbox 738 1256 864 1317; x_wconf 85' lang='lat' dir='ltr'>regnare</span> <span class='ocrx_word' id='word_1_113' title='bbox 891 1239 1073 1300; x_wconf 84' lang='lat' dir='ltr'>castratuml&#39;</span> <span class='ocrx_word' id='word_1_114' title='bbox 1111 1237 1164 1298; x_wconf 89' lang='lat' dir='ltr'>Hic</span> <span class='ocrx_word' id='word_1_115' title='bbox 1188 1236 1242 1298; x_wconf 87' lang='lat' dir='ltr'>iuit</span> <span class='ocrx_word' id='word_1_116' title='bbox 1259 1251 1292 1302; x_wconf 82' lang='lat'>38</span> 
     </span>
     <span class='ocr_line' id='line_1_13' title="bbox 71 1322 1240 1402; baseline -0.003 -18"><span class='ocrx_word' id='word_1_117' title='bbox 71 1326 174 1386; x_wconf 85' lang='lat' dir='ltr'>exitus</span> <span class='ocrx_word' id='word_1_118' title='bbox 203 1323 376 1386; x_wconf 84' lang='lat' dir='ltr'>nobilissimi</span> <span class='ocrx_word' id='word_1_119' title='bbox 399 1325 558 1386; x_wconf 84' lang='lat' dir='ltr'>Persarum</span> <span class='ocrx_word' id='word_1_120' title='bbox 582 1341 637 1385; x_wconf 85' lang='lat' dir='ltr'>nee</span> <span class='ocrx_word' id='word_1_121' title='bbox 664 1325 789 1385; x_wconf 89' lang='lat' dir='ltr'>insontis</span> <span class='ocrx_word' id='word_1_122' title='bbox 810 1322 913 1393; x_wconf 91' lang='lat' dir='ltr'>modo,</span> <span class='ocrx_word' id='word_1_123' title='bbox 942 1323 994 1385; x_wconf 90' lang='lat' dir='ltr'>sed</span> <span class='ocrx_word' id='word_1_124' title='bbox 1021 1323 1146 1384; x_wconf 84' lang='lat' dir='ltr'>eximiae</span> <span class='ocrx_word' id='word_1_125' title='bbox 1167 1341 1240 1402; x_wconf 88' lang='lat' dir='ltr'>quo·</span> 
     </span>
     <span class='ocr_line' id='line_1_14' title="bbox 73 1407 1292 1490; baseline 0.002 -20"><span class='ocrx_word' id='word_1_126' title='bbox 73 1427 135 1488; x_wconf 88' lang='lat' dir='ltr'>que</span> <span class='ocrx_word' id='word_1_127' title='bbox 157 1408 349 1490; x_wconf 80' lang='lat' dir='ltr'>benignitatis</span> <span class='ocrx_word' id='word_1_128' title='bbox 370 1411 401 1470; x_wconf 89' lang='lat' dir='ltr'>in</span> <span class='ocrx_word' id='word_1_129' title='bbox 423 1426 535 1487; x_wconf 81' lang='lat' dir='ltr'>regem.</span> <span class='ocrx_word' id='word_1_130' title='bbox 572 1409 683 1470; x_wconf 85' lang='lat' dir='ltr'>Eodem</span> <span class='ocrx_word' id='word_1_131' title='bbox 705 1417 839 1488; x_wconf 87' lang='lat' dir='ltr'>tempore</span> <span class='ocrx_word' id='word_1_132' title='bbox 860 1407 1022 1471; x_wconf 83' lang='lat' dir='ltr'>Phradates</span> <span class='ocrx_word' id='word_1_133' title='bbox 1042 1425 1166 1486; x_wconf 81' lang='lat' dir='ltr'>regnum</span> <span class='ocrx_word' id='word_1_134' title='bbox 1190 1407 1240 1470; x_wconf 92' lang='lat' dir='ltr'>ad·</span> <span class='ocrx_word' id='word_1_135' title='bbox 1259 1421 1292 1472; x_wconf 79' lang='lat' dir='ltr'>aa</span> 
     </span>
     <span class='ocr_line' id='line_1_15' title="bbox 72 1493 1241 1574; baseline 0.001 -22"><span class='ocrx_word' id='word_1_136' title='bbox 72 1494 203 1555; x_wconf 85' lang='lat' dir='ltr'>iactasse</span> <span class='ocrx_word' id='word_1_137' title='bbox 230 1501 385 1572; x_wconf 82' lang='lat' dir='ltr'>suspectus</span> <span class='ocrx_word' id='word_1_138' title='bbox 411 1493 564 1556; x_wconf 83' lang='lat' dir='ltr'>occiditur.</span> <span class='ocrx_word' id='word_1_139' title='bbox 616 1493 761 1574; x_wconf 81' lang='lat' dir='ltr'>Coeperat</span> <span class='ocrx_word' id='word_1_140' title='bbox 793 1511 858 1554; x_wconf 91' lang='lat' dir='ltr'>esse</span> <span class='ocrx_word' id='word_1_141' title='bbox 887 1509 1030 1572; x_wconf 83' lang='lat' dir='ltr'>praeceps</span> <span class='ocrx_word' id='word_1_142' title='bbox 1058 1493 1094 1557; x_wconf 90' lang='lat' dir='ltr'>ad</span> <span class='ocrx_word' id='word_1_143' title='bbox 1121 1509 1241 1571; x_wconf 85' lang='lat' dir='ltr'>reprae-</span> 
     </span>
     <span class='ocr_line' id='line_1_16' title="bbox 72 1576 1293 1657; baseline 0.004 -20"><span class='ocrx_word' id='word_1_144' title='bbox 72 1578 221 1641; x_wconf 88' lang='lat' dir='ltr'>sentanda</span> <span class='ocrx_word' id='word_1_145' title='bbox 243 1576 405 1657; x_wconf 83' lang='lat' dir='ltr'>supplicia,</span> <span class='ocrx_word' id='word_1_146' title='bbox 427 1579 499 1640; x_wconf 87' lang='lat' dir='ltr'>item</span> <span class='ocrx_word' id='word_1_147' title='bbox 521 1578 556 1639; x_wconf 91' lang='lat' dir='ltr'>ad</span> <span class='ocrx_word' id='word_1_148' title='bbox 580 1578 726 1639; x_wconf 88' lang='lat' dir='ltr'>deteriora</span> <span class='ocrx_word' id='word_1_149' title='bbox 743 1576 905 1640; x_wconf 87' lang='lat' dir='ltr'>eradenda:</span> <span class='ocrx_word' id='word_1_150' title='bbox 929 1576 1043 1639; x_wconf 84' lang='lat' dir='ltr'>scilieet</span> <span class='ocrx_word' id='word_1_151' title='bbox 1064 1593 1114 1638; x_wconf 88' lang='lat' dir='ltr'>res</span> <span class='ocrx_word' id='word_1_152' title='bbox 1135 1593 1241 1638; x_wconf 90' lang='lat' dir='ltr'>seeun·</span> <span class='ocrx_word' id='word_1_153' title='bbox 1259 1591 1293 1642; x_wconf 84' lang='lat'>40</span> 
     </span>
     <span class='ocr_line' id='line_1_17' title="bbox 71 1661 1241 1740; baseline -0.001 -17"><span class='ocrx_word' id='word_1_154' title='bbox 71 1663 132 1724; x_wconf 89' lang='lat' dir='ltr'>dae</span> <span class='ocrx_word' id='word_1_155' title='bbox 154 1662 253 1724; x_wconf 86' lang='lat' dir='ltr'>valent</span> <span class='ocrx_word' id='word_1_156' title='bbox 281 1671 463 1724; x_wconf 86' lang='lat' dir='ltr'>commutare</span> <span class='ocrx_word' id='word_1_157' title='bbox 491 1670 625 1725; x_wconf 91' lang='lat' dir='ltr'>naturam</span> <span class='ocrx_word' id='word_1_158' title='bbox 648 1669 678 1724; x_wconf 89' lang='lat' dir='ltr'>et</span> <span class='ocrx_word' id='word_1_159' title='bbox 706 1680 776 1724; x_wconf 87' lang='lat' dir='ltr'>raro</span> <span class='ocrx_word' id='word_1_160' title='bbox 804 1663 960 1740; x_wconf 84' lang='lat' dir='ltr'>qnisquam</span> <span class='ocrx_word' id='word_1_161' title='bbox 988 1678 1058 1740; x_wconf 79' lang='lat' dir='ltr'>erga</span> <span class='ocrx_word' id='word_1_162' title='bbox 1088 1661 1165 1724; x_wconf 91' lang='lat' dir='ltr'>bona</span> <span class='ocrx_word' id='word_1_163' title='bbox 1188 1679 1241 1724; x_wconf 90' lang='lat' dir='ltr'>sua</span> 
     </span>
     <span class='ocr_line' id='line_1_18' title="bbox 73 1744 1241 1828; baseline 0 -21"><span class='ocrx_word' id='word_1_164' title='bbox 73 1747 147 1808; x_wconf 89' lang='lat' dir='ltr'>satis</span> <span class='ocrx_word' id='word_1_165' title='bbox 177 1754 282 1808; x_wconf 83' lang='lat' dir='ltr'>cautus</span> <span class='ocrx_word' id='word_1_166' title='bbox 311 1755 364 1810; x_wconf 87' lang='lat' dir='ltr'>est.</span> <span class='ocrx_word' id='word_1_167' title='bbox 412 1746 491 1808; x_wconf 91' lang='lat' dir='ltr'>ldem</span> <span class='ocrx_word' id='word_1_168' title='bbox 522 1748 600 1809; x_wconf 89' lang='lat' dir='ltr'>enim</span> <span class='ocrx_word' id='word_1_169' title='bbox 629 1744 718 1826; x_wconf 87' lang='lat' dir='ltr'>paulo</span> <span class='ocrx_word' id='word_1_170' title='bbox 745 1755 813 1808; x_wconf 88' lang='lat' dir='ltr'>ante</span> <span class='ocrx_word' id='word_1_171' title='bbox 841 1746 1016 1828; x_wconf 82' lang='lat' dir='ltr'>Lyncestem</span> <span class='ocrx_word' id='word_1_172' title='bbox 1041 1744 1241 1811; x_wconf 82' lang='lat' dir='ltr'>Alexandrum</span> 
     </span>
     <span class='ocr_line' id='line_1_19' title="bbox 74 1828 1291 1900; baseline 0 -8"><span class='ocrx_word' id='word_1_173' title='bbox 74 1830 208 1892; x_wconf 89' lang='lat' dir='ltr'>delatum</span> <span class='ocrx_word' id='word_1_174' title='bbox 231 1851 246 1892; x_wconf 91' lang='lat' dir='ltr'>a</span> <span class='ocrx_word' id='word_1_175' title='bbox 269 1831 385 1895; x_wconf 89' lang='lat' dir='ltr'>duobus</span> <span class='ocrx_word' id='word_1_176' title='bbox 412 1831 560 1894; x_wconf 84' lang='lat' dir='ltr'>indicibus</span> <span class='ocrx_word' id='word_1_177' title='bbox 589 1829 729 1894; x_wconf 87' lang='lat' dir='ltr'>damnare</span> <span class='ocrx_word' id='word_1_178' title='bbox 757 1849 818 1892; x_wconf 91' lang='lat' dir='ltr'>non</span> <span class='ocrx_word' id='word_1_179' title='bbox 846 1832 1041 1900; x_wconf 87' lang='lat' dir='ltr'>sustinuerat,</span> <span class='ocrx_word' id='word_1_180' title='bbox 1069 1828 1241 1896; x_wconf 88' lang='lat' dir='ltr'>humiliores</span> <span class='ocrx_word' id='word_1_181' title='bbox 1259 1845 1291 1892; x_wconf 78' lang='lat'>41</span> 
     </span>
     <span class='ocr_line' id='line_1_20' title="bbox 72 1913 1241 1996; baseline -0.001 -20"><span class='ocrx_word' id='word_1_182' title='bbox 72 1934 195 1996; x_wconf 83' lang='lat' dir='ltr'>qnoque</span> <span class='ocrx_word' id='word_1_183' title='bbox 223 1934 291 1978; x_wconf 87' lang='lat' dir='ltr'>reos</span> <span class='ocrx_word' id='word_1_184' title='bbox 314 1925 416 1979; x_wconf 88' lang='lat' dir='ltr'>eontra</span> <span class='ocrx_word' id='word_1_185' title='bbox 438 1933 520 1978; x_wconf 91' lang='lat' dir='ltr'>suam</span> <span class='ocrx_word' id='word_1_186' title='bbox 547 1914 742 1983; x_wconf 88' lang='lat' dir='ltr'>voluntatem,</span> <span class='ocrx_word' id='word_1_187' title='bbox 772 1919 840 1995; x_wconf 90' lang='lat' dir='ltr'>quia</span> <span class='ocrx_word' id='word_1_188' title='bbox 863 1917 972 1978; x_wconf 88' lang='lat' dir='ltr'>ceteris</span> <span class='ocrx_word' id='word_1_189' title='bbox 999 1913 1175 1978; x_wconf 88' lang='lat' dir='ltr'>videbantur</span> <span class='ocrx_word' id='word_1_190' title='bbox 1198 1917 1241 1974; x_wconf 91' lang='lat' dir='ltr'>in-</span> 
     </span>
     <span class='ocr_line' id='line_1_21' title="bbox 73 1999 1242 2079; baseline -0.002 -18"><span class='ocrx_word' id='word_1_191' title='bbox 73 2009 194 2072; x_wconf 88' lang='lat' dir='ltr'>sontes,</span> <span class='ocrx_word' id='word_1_192' title='bbox 232 2003 338 2079; x_wconf 86' lang='lat' dir='ltr'>passu&#39;s</span> <span class='ocrx_word' id='word_1_193' title='bbox 366 1999 493 2062; x_wconf 78' lang='lat' dir='ltr'>absolui:</span> <span class='ocrx_word' id='word_1_194' title='bbox 527 1999 662 2062; x_wconf 90' lang='lat' dir='ltr'>hostibus</span> <span class='ocrx_word' id='word_1_195' title='bbox 695 1999 780 2062; x_wconf 84' lang='lat' dir='ltr'>vietis</span> <span class='ocrx_word' id='word_1_196' title='bbox 809 2015 900 2077; x_wconf 80' lang='lat' dir='ltr'>regna</span> <span class='ocrx_word' id='word_1_197' title='bbox 927 2000 1151 2062; x_wconf 75' lang='lat' dir='ltr'>reddiderat</span> <span class='ocrx_word' id='word_1_198' title='bbox 1178 2006 1242 2064; x_wconf 81' lang='lat' dir='ltr'>aut</span> 
     </span>
     <span class='ocr_line' id='line_1_22' title="bbox 73 2083 1292 2162; baseline 0.002 -16"><span class='ocrx_word' id='word_1_199' title='bbox 73 2093 219 2146; x_wconf 84' lang='lat' dir='ltr'>auxerat:</span> <span class='ocrx_word' id='word_1_200' title='bbox 243 2085 280 2146; x_wconf 93' lang='lat' dir='ltr'>ad</span> <span class='ocrx_word' id='word_1_201' title='bbox 303 2085 439 2148; x_wconf 87' lang='lat' dir='ltr'>ultimum</span> <span class='ocrx_word' id='word_1_202' title='bbox 461 2092 573 2146; x_wconf 89' lang='lat' dir='ltr'>tantum</span> <span class='ocrx_word' id='word_1_203' title='bbox 597 2085 632 2146; x_wconf 88' lang='lat' dir='ltr'>ab</span> <span class='ocrx_word' id='word_1_204' title='bbox 651 2085 811 2162; x_wconf 87' lang='lat' dir='ltr'>semetipso</span> <span class='ocrx_word' id='word_1_205' title='bbox 833 2083 1036 2162; x_wconf 78' lang='lat' dir='ltr'>degeneravit,</span> <span class='ocrx_word' id='word_1_206' title='bbox 1060 2091 1092 2144; x_wconf 91' lang='lat' dir='ltr'>ut</span> <span class='ocrx_word' id='word_1_207' title='bbox 1114 2084 1241 2144; x_wconf 83' lang='lat' dir='ltr'>invictus</span> <span class='ocrx_word' id='word_1_208' title='bbox 1259 2097 1292 2148; x_wconf 73' lang='lat' dir='ltr'>aa</span> 
     </span>
     <span class='ocr_line' id='line_1_23' title="bbox 74 2167 1240 2249; baseline -0.002 -19"><span class='ocrx_word' id='word_1_209' title='bbox 74 2169 228 2249; x_wconf 83' lang='lat' dir='ltr'>quondam</span> <span class='ocrx_word' id='word_1_210' title='bbox 251 2169 392 2232; x_wconf 88' lang='lat' dir='ltr'>adversus</span> <span class='ocrx_word' id='word_1_211' title='bbox 414 2168 566 2232; x_wconf 87' lang='lat' dir='ltr'>libidinem</span> <span class='ocrx_word' id='word_1_212' title='bbox 589 2171 680 2231; x_wconf 89' lang='lat' dir='ltr'>animi</span> <span class='ocrx_word' id='word_1_213' title='bbox 695 2168 819 2231; x_wconf 87' lang='lat' dir='ltr'>arbitrio</span> <span class='ocrx_word' id='word_1_214' title='bbox 834 2170 925 2231; x_wconf 85' lang='lat' dir='ltr'>scorti</span> <span class='ocrx_word' id='word_1_215' title='bbox 940 2167 1008 2230; x_wconf 93' lang='lat' dir='ltr'>aliis</span> <span class='ocrx_word' id='word_1_216' title='bbox 1029 2183 1120 2246; x_wconf 77' lang='lat' dir='ltr'>regua</span> <span class='ocrx_word' id='word_1_217' title='bbox 1147 2167 1240 2235; x_wconf 90' lang='lat' dir='ltr'>daret,</span> 
     </span>
     <span class='ocr_line' id='line_1_24' title="bbox 74 2254 534 2317; baseline -0.002 -2"><span class='ocrx_word' id='word_1_218' title='bbox 74 2254 141 2316; x_wconf 88' lang='lat' dir='ltr'>aliis</span> <span class='ocrx_word' id='word_1_219' title='bbox 164 2255 310 2316; x_wconf 89' lang='lat' dir='ltr'>adimeret</span> <span class='ocrx_word' id='word_1_220' title='bbox 333 2257 430 2317; x_wconf 86' lang='lat' dir='ltr'>vitam.</span> <span class='ocrx_word' id='word_1_221' title='bbox 532 2295 534 2304; x_wconf 83' lang='lat'>.</span> 
     </span>
    </p>
   </div>
   <div class='ocr_carea' id='block_1_4' title="bbox 651 2385 728 2465">
    <p class='ocr_par' dir='ltr' id='par_1_5' title="bbox 651 2385 728 2465">
     <span class='ocr_line' id='line_1_25' title="bbox 651 2385 728 2465; baseline 0 -42"><span class='ocrx_word' id='word_1_222' title='bbox 651 2385 728 2465; x_wconf 27' lang='grc' dir='ltr'>*Ι*</span> 
     </span>
    </p>
   </div>
   <div class='ocr_carea' id='block_1_5' title="bbox 74 2569 1242 2718">
    <p class='ocr_par' dir='ltr' id='par_1_6' title="bbox 74 2569 1242 2718">
     <span class='ocr_line' id='line_1_26' title="bbox 108 2569 1242 2694; baseline 0 -68"><span class='ocrx_word' id='word_1_223' title='bbox 108 2577 151 2628; x_wconf 71' lang='grc'>34.</span> <span class='ocrx_word' id='word_1_224' title='bbox 169 2572 332 2633; x_wconf 62' lang='lat' dir='ltr'>videnum.</span> <span class='ocrx_word' id='word_1_225' title='bbox 367 2571 426 2640; x_wconf 81' lang='lat' dir='ltr'>vgi.</span> <span class='ocrx_word' id='word_1_226' title='bbox 445 2571 464 2638; x_wconf 76' lang='lat'><strong>8</strong></span> <span class='ocrx_word' id='word_1_227' title='bbox 482 2575 514 2624; x_wconf 81' lang='lat' dir='ltr'>at</span> <span class='ocrx_word' id='word_1_228' title='bbox 535 2572 632 2628; x_wconf 81' lang='lat' dir='ltr'>audie·</span> <span class='ocrx_word' id='word_1_229' title='bbox 685 2569 897 2638; x_wconf 79' lang='lat' dir='ltr'>waluhatigkeit</span> <span class='ocrx_word' id='word_1_230' title='bbox 919 2570 974 2626; x_wconf 90' lang='lat' dir='ltr'>und</span> <span class='ocrx_word' id='word_1_231' title='bbox 995 2569 1172 2694; x_wconf 43' lang='lat' dir='ltr'>Sacrileffium</span> <span class='ocrx_word' id='word_1_232' title='bbox 1195 2585 1242 2637; x_wconf 79' lang='lat' dir='ltr'>ge·</span> 
     </span>
     <span class='ocr_line' id='line_1_27' title="bbox 74 2638 1241 2718; baseline -0.004 -21"><span class='ocrx_word' id='word_1_233' title='bbox 74 2657 153 2704; x_wconf 85' lang='lat' dir='ltr'>ram;</span> <span class='ocrx_word' id='word_1_234' title='bbox 172 2645 196 2696; x_wconf 76' lang='lat'>2.</span> <span class='ocrx_word' id='word_1_235' title='bbox 214 2645 246 2692; x_wconf 81' lang='lat' dir='ltr'>at</span> <span class='ocrx_word' id='word_1_236' title='bbox 265 2655 459 2708; x_wconf 77' lang='lat' dir='ltr'>conceperam.</span> <span class='ocrx_word' id='word_1_237' title='bbox 683 2640 783 2718; x_wconf 57' lang='lat' dir='ltr'>bangia</span> <span class='ocrx_word' id='word_1_238' title='bbox 801 2654 855 2693; x_wconf 84' lang='lat' dir='ltr'>voa</span> <span class='ocrx_word' id='word_1_239' title='bbox 867 2638 1089 2705; x_wconf 80' lang='lat' dir='ltr'>irgendweloben</span> <span class='ocrx_word' id='word_1_240' title='bbox 1113 2639 1241 2705; x_wconf 81' lang='lat' dir='ltr'>ntrigoen</span> 
     </span>
    </p>
   </div>
   <div class='ocr_carea' id='block_1_6' title="bbox 684 2703 1242 2762">
    <p class='ocr_par' dir='ltr' id='par_1_7' title="bbox 684 2703 1242 2762">
     <span class='ocr_line' id='line_1_28' title="bbox 684 2703 1242 2762; baseline -0.002 -2"><span class='ocrx_word' id='word_1_241' title='bbox 684 2724 719 2761; x_wconf 83' lang='lat' dir='ltr'>zu</span> <span class='ocrx_word' id='word_1_242' title='bbox 742 2721 844 2762; x_wconf 90' lang='lat' dir='ltr'>semem</span> <span class='ocrx_word' id='word_1_243' title='bbox 863 2703 1018 2762; x_wconf 82' lang='lat' dir='ltr'>ilerdarben</span> <span class='ocrx_word' id='word_1_244' title='bbox 1041 2706 1123 2762; x_wconf 88' lang='lat' dir='ltr'>weiss</span> <span class='ocrx_word' id='word_1_245' title='bbox 1144 2705 1242 2760; x_wconf 79' lang='lat' dir='ltr'>Arriae</span> 
     </span>
    </p>
   </div>
   <div class='ocr_carea' id='block_1_7' title="bbox 73 2747 1242 2909">
    <p class='ocr_par' dir='ltr' id='par_1_8' title="bbox 73 2747 1242 2909">
     <span class='ocr_line' id='line_1_29' title="bbox 104 2747 1241 2848; baseline -0.005 -16"><span class='ocrx_word' id='word_1_246' title='bbox 104 2756 151 2832; x_wconf 67' lang='lat'>5⁹³⁵·</span> <span class='ocrx_word' id='word_1_247' title='bbox 177 2749 306 2807; x_wconf 61' lang='lat' dir='ltr'>mm</span> <span class='ocrx_word' id='word_1_248' title='bbox 327 2773 362 2794; x_wconf 69' lang='lat'>²</span> <span class='ocrx_word' id='word_1_249' title='bbox 387 2747 632 2848; x_wconf 52' lang='lat' dir='ltr'>flslbff-silwn’</span> <span class='ocrx_word' id='word_1_250' title='bbox 683 2774 782 2830; x_wconf 88' lang='lat' dir='ltr'>niehts.</span> <span class='ocrx_word' id='word_1_251' title='bbox 817 2769 1062 2829; x_wconf 85' lang='lat' dir='ltr'>Charaitaristiseb</span> <span class='ocrx_word' id='word_1_252' title='bbox 1085 2773 1130 2828; x_wconf 84' lang='lat' dir='ltr'>iilr</span> <span class='ocrx_word' id='word_1_253' title='bbox 1151 2771 1179 2828; x_wconf 86' lang='lat' dir='ltr'>G.</span> <span class='ocrx_word' id='word_1_254' title='bbox 1196 2773 1241 2832; x_wconf 87' lang='lat' dir='ltr'>ist,</span> 
     </span>
     <span class='ocr_line' id='line_1_30' title="bbox 73 2817 1242 2909; baseline -0.005 -9"><span class='ocrx_word' id='word_1_255' title='bbox 73 2817 632 2880; x_wconf 54' lang='lat' dir='ltr'>mmm·lffrer⁶·”w⁶r³*⁸leh⁶¹¹·</span> <span class='ocrx_word' id='word_1_256' title='bbox 684 2841 747 2897; x_wconf 89' lang='lat' dir='ltr'>dass</span> <span class='ocrx_word' id='word_1_257' title='bbox 770 2857 800 2896; x_wconf 88' lang='lat' dir='ltr'>er</span> <span class='ocrx_word' id='word_1_258' title='bbox 827 2840 905 2896; x_wconf 88' lang='lat' dir='ltr'>diese-</span> <span class='ocrx_word' id='word_1_259' title='bbox 932 2839 1065 2909; x_wconf 83' lang='lat' dir='ltr'>‘pilente&#39;</span> <span class='ocrx_word' id='word_1_260' title='bbox 1098 2839 1242 2895; x_wconf 55' lang='lat' dir='ltr'>&#39;Aneidote</span> 
     </span>
    </p>
   </div>
   <div class='ocr_carea' id='block_1_8' title="bbox 7 2883 1241 3032">
    <p class='ocr_par' dir='ltr' id='par_1_9' title="bbox 7 2883 1241 3032">
     <span class='ocr_line' id='line_1_31' title="bbox 7 2883 1241 2975; baseline -0.004 -8"><span class='ocrx_word' id='word_1_261' title='bbox 7 2943 8 2950; x_wconf 33' lang='grc' dir='ltr'>ι</span> <span class='ocrx_word' id='word_1_262' title='bbox 73 2883 633 2967; x_wconf 54' lang='lat' dir='ltr'>h⁵⁰303¹210b⁰¹¹blelb.⁰¹¹·&#39;&#39;fl“lm</span> <span class='ocrx_word' id='word_1_263' title='bbox 685 2909 734 2964; x_wconf 87' lang='lat' dir='ltr'>mit</span> <span class='ocrx_word' id='word_1_264' title='bbox 771 2925 803 2964; x_wconf 91' lang='lat' dir='ltr'>so</span> <span class='ocrx_word' id='word_1_265' title='bbox 848 2923 962 2975; x_wconf 77' lang='lat' dir='ltr'>grosser</span> <span class='ocrx_word' id='word_1_266' title='bbox 1005 2907 1241 2964; x_wconf 79' lang='lat' dir='ltr'>Ausiihrliehlreit</span> 
     </span>
     <span class='ocr_line' id='line_1_32' title="bbox 7 2952 863 3032; baseline -0.001 -24"><span class='ocrx_word' id='word_1_267' title='bbox 7 2971 11 3008; x_wconf 75' lang='grc' dir='ltr'>ι</span> <span class='ocrx_word' id='word_1_268' title='bbox 72 2960 234 3022; x_wconf 68' lang='lat' dir='ltr'>oratiam.</span> <span class='ocrx_word' id='word_1_269' title='bbox 273 2952 324 3008; x_wconf 81' lang='lat' dir='ltr'>llas</span> <span class='ocrx_word' id='word_1_270' title='bbox 352 2952 501 3019; x_wconf 77' lang='lat' dir='ltr'>Geriugere</span> <span class='ocrx_word' id='word_1_271' title='bbox 527 2960 563 3007; x_wconf 82' lang='lat' dir='ltr'>ist</span> <span class='ocrx_word' id='word_1_272' title='bbox 589 2969 631 3007; x_wconf 85' lang='lat' dir='ltr'>m-</span> <span class='ocrx_word' id='word_1_273' title='bbox 684 2973 863 3032; x_wconf 37' lang='lat' dir='ltr'>behaldan„</span> 
     </span>
    </p>
   </div>
   <div class='ocr_carea' id='block_1_9' title="bbox 7 3013 1241 3167">
    <p class='ocr_par' dir='ltr' id='par_1_10' title="bbox 7 3013 1241 3167">
     <span class='ocr_line' id='line_1_33' title="bbox 7 3013 1241 3167; baseline -0.001 -27"><span class='ocrx_word' id='word_1_274' title='bbox 7 3013 9 3124; x_wconf 47' lang='lat' dir='ltr'>f</span> <span class='ocrx_word' id='word_1_275' title='bbox 74 3020 634 3167; x_wconf 53' lang='lat' dir='ltr'>attilii?tittitttnddtltltt</span> <span class='ocrx_word' id='word_1_276' title='bbox 719 3065 760 3117; x_wconf 80' lang='lat'>³⁹·</span> <span class='ocrx_word' id='word_1_277' title='bbox 772 3059 970 3116; x_wconf 72' lang='lat' dir='ltr'>Phradates</span> <span class='ocrx_word' id='word_1_278' title='bbox 982 3077 1004 3116; x_wconf 77' lang='lat' dir='ltr'>s·</span> <span class='ocrx_word' id='word_1_279' title='bbox 1017 3063 1041 3113; x_wconf 75' lang='lat'>³·</span> <span class='ocrx_word' id='word_1_280' title='bbox 1054 3065 1079 3116; x_wconf 71' lang='lat'>⁸·</span> <span class='ocrx_word' id='word_1_281' title='bbox 1093 3063 1131 3114; x_wconf 83' lang='lat'>¹⁷·</span> <span class='ocrx_word' id='word_1_282' title='bbox 1154 3058 1241 3115; x_wconf 59' lang='lat' dir='ltr'>otoo</span> 
     </span>
    </p>
   </div>
   <div class='ocr_carea' id='block_1_10' title="bbox 7 3126 1242 3264">
    <p class='ocr_par' dir='ltr' id='par_1_11' title="bbox 7 3126 1242 3264">
     <span class='ocr_line' id='line_1_34' title="bbox 7 3126 1242 3264; baseline 0.018 -36"><span class='ocrx_word' id='word_1_283' title='bbox 7 3203 9 3212; x_wconf 69' lang='lat'>,</span> <span class='ocrx_word' id='word_1_284' title='bbox 74 3153 164 3212; x_wconf 80' lang='lat' dir='ltr'>durch</span> <span class='ocrx_word' id='word_1_285' title='bbox 201 3155 403 3222; x_wconf 66' lang='lat' dir='ltr'>ffi⁸⁰¹¹¹⁰¹³¹¹¹¹⁸</span> <span class='ocrx_word' id='word_1_286' title='bbox 444 3155 492 3210; x_wconf 70' lang='lat'>¹¹⁰⁸</span> <span class='ocrx_word' id='word_1_287' title='bbox 536 3152 633 3210; x_wconf 39' lang='grc' dir='ltr'>ΨΜ</span> <span class='ocrx_word' id='word_1_288' title='bbox 684 3126 968 3264; x_wconf 48' lang='lat' dir='ltr'>lllsl’ffetlltclalll&#39;</span> <span class='ocrx_word' id='word_1_289' title='bbox 992 3131 1242 3263; x_wconf 46' lang='lat' dir='ltr'>lelna-lliffa}</span> 
     </span>
    </p>
   </div>
   <div class='ocr_carea' id='block_1_11' title="bbox 7 3261 1244 4098">
    <p class='ocr_par' dir='ltr' id='par_1_12' title="bbox 7 3261 1244 4098">
     <span class='ocr_line' id='line_1_35' title="bbox 686 3261 1241 3331; baseline 0.002 -14"><span class='ocrx_word' id='word_1_290' title='bbox 686 3261 999 3331; x_wconf 79' lang='lat' dir='ltr'>GadankensubJ&#39;eltvon</span> <span class='ocrx_word' id='word_1_291' title='bbox 1007 3263 1153 3319; x_wconf 82' lang='lat' dir='ltr'>occiditur.</span> <span class='ocrx_word' id='word_1_292' title='bbox 1167 3262 1241 3318; x_wconf 84' lang='lat' dir='ltr'>lioeb</span> 
     </span>
     <span class='ocr_line' id='line_1_36' title="bbox 684 3329 1241 3398; baseline -0.004 -12"><span class='ocrx_word' id='word_1_293' title='bbox 684 3331 721 3387; x_wconf 89' lang='lat' dir='ltr'>ist</span> <span class='ocrx_word' id='word_1_294' title='bbox 739 3329 877 3386; x_wconf 82' lang='lat' dir='ltr'>vielleiebt</span> <span class='ocrx_word' id='word_1_295' title='bbox 890 3347 947 3387; x_wconf 83' lang='lat' dir='ltr'>reae</span> <span class='ocrx_word' id='word_1_296' title='bbox 960 3348 1009 3388; x_wconf 88' lang='lat' dir='ltr'>vor</span> <span class='ocrx_word' id='word_1_297' title='bbox 1024 3345 1166 3398; x_wconf 80' lang='lat' dir='ltr'>praeceps</span> <span class='ocrx_word' id='word_1_298' title='bbox 1178 3347 1241 3385; x_wconf 91' lang='lat' dir='ltr'>aus·</span> 
     </span>
     <span class='ocr_line' id='line_1_37' title="bbox 108 3397 1243 3466; baseline -0.003 -12"><span class='ocrx_word' id='word_1_299' title='bbox 108 3405 144 3454; x_wconf 76' lang='lat'>36</span> <span class='ocrx_word' id='word_1_300' title='bbox 161 3403 196 3456; x_wconf 85' lang='lat' dir='ltr'>in</span> <span class='ocrx_word' id='word_1_301' title='bbox 213 3403 301 3456; x_wconf 82' lang='lat' dir='ltr'>irem</span> <span class='ocrx_word' id='word_1_302' title='bbox 319 3401 372 3455; x_wconf 88' lang='lat' dir='ltr'>wie</span> <span class='ocrx_word' id='word_1_303' title='bbox 389 3401 521 3456; x_wconf 77' lang='lat' dir='ltr'>enorme</span> <span class='ocrx_word' id='word_1_304' title='bbox 533 3401 634 3456; x_wconf 78' lang='lat' dir='ltr'>concil.</span> <span class='ocrx_word' id='word_1_305' title='bbox 685 3398 816 3466; x_wconf 76' lang='lat' dir='ltr'>geiallen,</span> <span class='ocrx_word' id='word_1_306' title='bbox 843 3415 901 3453; x_wconf 89' lang='lat' dir='ltr'>was</span> <span class='ocrx_word' id='word_1_307' title='bbox 927 3415 972 3454; x_wconf 92' lang='lat' dir='ltr'>um</span> <span class='ocrx_word' id='word_1_308' title='bbox 999 3415 1031 3454; x_wconf 93' lang='lat' dir='ltr'>so</span> <span class='ocrx_word' id='word_1_309' title='bbox 1058 3397 1173 3452; x_wconf 88' lang='lat' dir='ltr'>leiehter</span> <span class='ocrx_word' id='word_1_310' title='bbox 1194 3412 1243 3464; x_wconf 82' lang='lat' dir='ltr'>ge·</span> 
     </span>
     <span class='ocr_line' id='line_1_38' title="bbox 75 3463 1243 3535; baseline -0.001 -15"><span class='ocrx_word' id='word_1_311' title='bbox 75 3474 99 3524; x_wconf 79' lang='lat'>⁷.</span> <span class='ocrx_word' id='word_1_312' title='bbox 117 3473 143 3524; x_wconf 84' lang='grc'>6,</span> <span class='ocrx_word' id='word_1_313' title='bbox 162 3472 202 3520; x_wconf 80' lang='lat'>15.</span> <span class='ocrx_word' id='word_1_314' title='bbox 238 3467 275 3524; x_wconf 88' lang='lat' dir='ltr'>So</span> <span class='ocrx_word' id='word_1_315' title='bbox 293 3477 355 3535; x_wconf 80' lang='lat' dir='ltr'>sagt</span> <span class='ocrx_word' id='word_1_316' title='bbox 372 3466 535 3534; x_wconf 78' lang='lat' dir='ltr'>Quintilian:</span> <span class='ocrx_word' id='word_1_317' title='bbox 554 3482 586 3524; x_wconf 82' lang='lat' dir='ltr'>ae</span> <span class='ocrx_word' id='word_1_318' title='bbox 603 3470 635 3522; x_wconf 84' lang='lat' dir='ltr'>in</span> <span class='ocrx_word' id='word_1_319' title='bbox 685 3466 805 3522; x_wconf 86' lang='lat' dir='ltr'>soheheu</span> <span class='ocrx_word' id='word_1_320' title='bbox 831 3465 945 3526; x_wconf 80' lang='lat' dir='ltr'>lunate.</span> <span class='ocrx_word' id='word_1_321' title='bbox 976 3466 1009 3522; x_wconf 91' lang='lat' dir='ltr'>da</span> <span class='ocrx_word' id='word_1_322' title='bbox 1035 3466 1063 3520; x_wconf 90' lang='lat' dir='ltr'>iu</span> <span class='ocrx_word' id='word_1_323' title='bbox 1093 3465 1141 3520; x_wconf 88' lang='lat' dir='ltr'>der</span> <span class='ocrx_word' id='word_1_324' title='bbox 1170 3463 1243 3520; x_wconf 86' lang='lat' dir='ltr'>Zeila</span> 
     </span>
     <span class='ocr_line' id='line_1_39' title="bbox 76 3532 984 3615; baseline -0.001 -25"><span class='ocrx_word' id='word_1_325' title='bbox 76 3540 152 3592; x_wconf 82' lang='lat' dir='ltr'>iram</span> <span class='ocrx_word' id='word_1_326' title='bbox 169 3537 322 3592; x_wconf 81' lang='lat' dir='ltr'>concitore.</span> <span class='ocrx_word' id='word_1_327' title='bbox 358 3532 417 3602; x_wconf 78' lang='lat' dir='ltr'>vgl.</span> <span class='ocrx_word' id='word_1_328' title='bbox 435 3535 504 3590; x_wconf 88' lang='lat' dir='ltr'>aueh</span> <span class='ocrx_word' id='word_1_329' title='bbox 517 3539 542 3589; x_wconf 83' lang='lat'>4.</span> <span class='ocrx_word' id='word_1_330' title='bbox 554 3537 634 3615; x_wconf 27' lang='lat' dir='ltr'>altra</span> <span class='ocrx_word' id='word_1_331' title='bbox 686 3534 817 3590; x_wconf 90' lang='lat' dir='ltr'>darunter</span> <span class='ocrx_word' id='word_1_332' title='bbox 835 3547 884 3588; x_wconf 81' lang='lat' dir='ltr'>res</span> <span class='ocrx_word' id='word_1_333' title='bbox 902 3533 984 3590; x_wconf 83' lang='lat' dir='ltr'>steht.</span> 
     </span>
     <span class='ocr_line' id='line_1_40' title="bbox 75 3603 1239 3684; baseline -0.001 -13"><span class='ocrx_word' id='word_1_334' title='bbox 75 3603 448 3684; x_wconf 49' lang='lat' dir='ltr'>{drssbldmiissrvefwratr</span> <span class='ocrx_word' id='word_1_335' title='bbox 461 3607 634 3682; x_wconf 55' lang='lat' dir='ltr'>demtum</span> <span class='ocrx_word' id='word_1_336' title='bbox 696 3623 698 3630; x_wconf 64' lang='lat'><strong><em>⁴</em></strong></span> <span class='ocrx_word' id='word_1_337' title='bbox 719 3622 760 3672; x_wconf 84' lang='lat'>40.</span> <span class='ocrx_word' id='word_1_338' title='bbox 778 3616 901 3672; x_wconf 83' lang='lat' dir='ltr'>volent.</span> <span class='ocrx_word' id='word_1_339' title='bbox 924 3613 1011 3674; x_wconf 87' lang='lat' dir='ltr'>Ueber</span> <span class='ocrx_word' id='word_1_340' title='bbox 1028 3613 1206 3672; x_wconf 85' lang='lat' dir='ltr'>deulnfinitiv</span> <span class='ocrx_word' id='word_1_341' title='bbox 1218 3633 1239 3670; x_wconf 94' lang='lat' dir='ltr'>s.</span> 
     </span>
     <span class='ocr_line' id='line_1_41' title="bbox 7 3671 1240 3752; baseline 0 -27"><span class='ocrx_word' id='word_1_342' title='bbox 7 3727 9 3748; x_wconf 55' lang='grc'><strong>,</strong></span> <span class='ocrx_word' id='word_1_343' title='bbox 76 3671 632 3752; x_wconf 72' lang='lat' dir='ltr'>adamae.conmtondareoaaommum.</span> <span class='ocrx_word' id='word_1_344' title='bbox 684 3683 755 3739; x_wconf 76' lang='grc' dir='ltr'>Εῑῃι,</span> <span class='ocrx_word' id='word_1_345' title='bbox 783 3683 802 3750; x_wconf 72' lang='grc'><strong>3</strong></span> <span class='ocrx_word' id='word_1_346' title='bbox 832 3687 871 3737; x_wconf 82' lang='grc'>34.</span> <span class='ocrx_word' id='word_1_347' title='bbox 898 3711 932 3721; x_wconf 94' lang='grc'>-</span> <span class='ocrx_word' id='word_1_348' title='bbox 961 3690 1094 3740; x_wconf 83' lang='lat' dir='ltr'>naturam</span> <span class='ocrx_word' id='word_1_349' title='bbox 1122 3705 1155 3726; x_wconf 77' lang='lat'><em>=</em></span> <span class='ocrx_word' id='word_1_350' title='bbox 1181 3682 1240 3738; x_wconf 63' lang='lat' dir='ltr'>‘das</span> 
     </span>
     <span class='ocr_line' id='line_1_42' title="bbox 75 3737 1244 3817; baseline -0.003 -10"><span class='ocrx_word' id='word_1_351' title='bbox 75 3738 124 3794; x_wconf 73' lang='lat'>1¹¹0</span> <span class='ocrx_word' id='word_1_352' title='bbox 141 3737 252 3817; x_wconf 58' lang='lat' dir='ltr'>phrase,</span> <span class='ocrx_word' id='word_1_353' title='bbox 267 3753 328 3806; x_wconf 66' lang='lat'><strong><em>⁷⁸⁶9·</em></strong></span> <span class='ocrx_word' id='word_1_354' title='bbox 348 3738 420 3793; x_wconf 62' lang='lat' dir='ltr'>dare</span> <span class='ocrx_word' id='word_1_355' title='bbox 441 3757 475 3784; x_wconf 72' lang='lat'>²</span> <span class='ocrx_word' id='word_1_356' title='bbox 497 3737 635 3816; x_wconf 54' lang='lat' dir='ltr'>manda&amp;</span> <span class='ocrx_word' id='word_1_357' title='bbox 685 3752 808 3808; x_wconf 88' lang='lat' dir='ltr'>innarste</span> <span class='ocrx_word' id='word_1_358' title='bbox 832 3751 945 3808; x_wconf 87' lang='lat' dir='ltr'>Wesen’</span> <span class='ocrx_word' id='word_1_359' title='bbox 969 3751 1024 3806; x_wconf 89' lang='lat' dir='ltr'>wie</span> <span class='ocrx_word' id='word_1_360' title='bbox 1046 3755 1070 3806; x_wconf 85' lang='lat'>3.</span> <span class='ocrx_word' id='word_1_361' title='bbox 1092 3755 1116 3805; x_wconf 68' lang='grc' dir='ltr'>ἓ.</span> <span class='ocrx_word' id='word_1_362' title='bbox 1135 3753 1166 3802; x_wconf 79' lang='grc'>17</span> <span class='ocrx_word' id='word_1_363' title='bbox 1185 3752 1244 3806; x_wconf 83' lang='lat' dir='ltr'>nisi</span> 
     </span>
     <span class='ocr_line' id='line_1_43' title="bbox 7 3805 1241 3886; baseline -0.002 -12"><span class='ocrx_word' id='word_1_364' title='bbox 7 3819 9 3842; x_wconf 49' lang='lat' dir='ltr'>l</span> <span class='ocrx_word' id='word_1_365' title='bbox 76 3805 124 3861; x_wconf 61' lang='lat'>¹¹³²</span> <span class='ocrx_word' id='word_1_366' title='bbox 142 3805 327 3862; x_wconf 63' lang='lat' dir='ltr'>illsshfllsseffl·</span> <span class='ocrx_word' id='word_1_367' title='bbox 346 3831 379 3842; x_wconf 83' lang='lat'>··</span> <span class='ocrx_word' id='word_1_368' title='bbox 396 3811 636 3872; x_wconf 64' lang='lat' dir='ltr'>⁰0⁶“110&#39;11W10</span> <span class='ocrx_word' id='word_1_369' title='bbox 685 3821 770 3875; x_wconf 81' lang='lat' dir='ltr'>etiam</span> <span class='ocrx_word' id='word_1_370' title='bbox 799 3824 933 3873; x_wconf 81' lang='lat' dir='ltr'>naturam</span> <span class='ocrx_word' id='word_1_371' title='bbox 962 3819 1082 3886; x_wconf 83' lang='lat' dir='ltr'>fortuna</span> <span class='ocrx_word' id='word_1_372' title='bbox 1111 3833 1241 3874; x_wconf 84' lang='lat' dir='ltr'>corrum-</span> 
     </span>
     <span class='ocr_line' id='line_1_44' title="bbox 7 3870 1240 3954; baseline -0.002 -12"><span class='ocrx_word' id='word_1_373' title='bbox 7 3891 9 3898; x_wconf 91' lang='lat'>&#39;</span> <span class='ocrx_word' id='word_1_374' title='bbox 75 3877 209 3930; x_wconf 76' lang='lat'><strong>4·1¹·¹¹</strong></span> <span class='ocrx_word' id='word_1_375' title='bbox 234 3878 539 3953; x_wconf 63' lang='lat' dir='ltr'>Occuddrssmmfim·</span> <span class='ocrx_word' id='word_1_376' title='bbox 574 3870 634 3940; x_wconf 81' lang='lat' dir='ltr'>Vgl.</span> <span class='ocrx_word' id='word_1_377' title='bbox 681 3895 822 3954; x_wconf 76' lang='lat' dir='ltr'>perea-</span> <span class='ocrx_word' id='word_1_378' title='bbox 845 3886 1098 3942; x_wconf 76' lang='lat' dir='ltr'>honorantia.</span> <span class='ocrx_word' id='word_1_379' title='bbox 1124 3901 1172 3941; x_wconf 82' lang='lat' dir='ltr'>res</span> <span class='ocrx_word' id='word_1_380' title='bbox 1195 3901 1240 3940; x_wconf 83' lang='lat' dir='ltr'>se-</span> 
     </span>
     <span class='ocr_line' id='line_1_45' title="bbox 75 3938 1242 4020; baseline -0.003 -24"><span class='ocrx_word' id='word_1_381' title='bbox 75 3940 146 3996; x_wconf 86' lang='lat' dir='ltr'>aueh</span> <span class='ocrx_word' id='word_1_382' title='bbox 164 3938 183 4005; x_wconf 75' lang='grc'><strong>3</strong></span> <span class='ocrx_word' id='word_1_383' title='bbox 201 3943 234 3992; x_wconf 77' lang='lat'>28</span> <span class='ocrx_word' id='word_1_384' title='bbox 249 3955 329 4008; x_wconf 49' lang='lat' dir='ltr'>¹raom</span> <span class='ocrx_word' id='word_1_385' title='bbox 347 3954 434 3995; x_wconf 86' lang='lat' dir='ltr'>aures</span> <span class='ocrx_word' id='word_1_386' title='bbox 451 3940 583 4007; x_wconf 69' lang='lat' dir='ltr'>inplebat.</span> <span class='ocrx_word' id='word_1_387' title='bbox 685 3955 804 4010; x_wconf 55' lang='lat' dir='ltr'>caudas,</span> <span class='ocrx_word' id='word_1_388' title='bbox 847 3951 906 4020; x_wconf 62' lang='lat' dir='ltr'>ng</span> <span class='ocrx_word' id='word_1_389' title='bbox 923 3955 948 4006; x_wconf 77' lang='grc'>8,</span> <span class='ocrx_word' id='word_1_390' title='bbox 966 3957 990 4009; x_wconf 60' lang='grc'>4,</span> <span class='ocrx_word' id='word_1_391' title='bbox 1009 3957 1042 4004; x_wconf 78' lang='lat'>24</span> <span class='ocrx_word' id='word_1_392' title='bbox 1062 3959 1162 4010; x_wconf 60' lang='lat' dir='ltr'><em>contra</em></span> <span class='ocrx_word' id='word_1_393' title='bbox 1179 3952 1242 4018; x_wconf 68' lang='lat' dir='ltr'><em>for.</em></span> 
     </span>
     <span class='ocr_line' id='line_1_46' title="bbox 109 4021 1240 4098; baseline -0.004 -18"><span class='ocrx_word' id='word_1_394' title='bbox 109 4043 151 4094; x_wconf 70' lang='lat'>38,</span> <span class='ocrx_word' id='word_1_395' title='bbox 173 4055 233 4096; x_wconf 56' lang='grc' dir='ltr'>,ως</span> <span class='ocrx_word' id='word_1_396' title='bbox 250 4031 406 4098; x_wconf 56' lang='lat' dir='ltr'>immi,</span> <span class='ocrx_word' id='word_1_397' title='bbox 423 4041 524 4098; x_wconf 40' lang='lat' dir='ltr'>modo·</span> <span class='ocrx_word' id='word_1_398' title='bbox 555 4041 633 4096; x_wconf 60' lang='lat' dir='ltr'>,such</span> <span class='ocrx_word' id='word_1_399' title='bbox 685 4028 782 4078; x_wconf 85' lang='lat' dir='ltr'>tunam</span> <span class='ocrx_word' id='word_1_400' title='bbox 800 4037 857 4076; x_wconf 84' lang='lat' dir='ltr'>non</span> <span class='ocrx_word' id='word_1_401' title='bbox 879 4023 951 4077; x_wconf 83' lang='lat' dir='ltr'>sotis</span> <span class='ocrx_word' id='word_1_402' title='bbox 974 4026 1058 4077; x_wconf 83' lang='lat' dir='ltr'>cuuto</span> <span class='ocrx_word' id='word_1_403' title='bbox 1074 4021 1240 4076; x_wconf 77' lang='lat' dir='ltr'>,mortalitas</span> 
     </span>
    </p>
   </div>
   <div class='ocr_carea' id='block_1_12' title="bbox 75 4086 1241 4242">
    <p class='ocr_par' dir='ltr' id='par_1_13' title="bbox 75 4086 1241 4242">
     <span class='ocr_line' id='line_1_47' title="bbox 75 4086 1240 4176; baseline -0.011 -12"><span class='ocrx_word' id='word_1_404' title='bbox 75 4107 120 4164; x_wconf 88' lang='lat' dir='ltr'>die</span> <span class='ocrx_word' id='word_1_405' title='bbox 144 4107 279 4163; x_wconf 81' lang='lat' dir='ltr'>Classiler</span> <span class='ocrx_word' id='word_1_406' title='bbox 301 4106 439 4164; x_wconf 83' lang='lat' dir='ltr'>braueheo</span> <span class='ocrx_word' id='word_1_407' title='bbox 466 4106 558 4176; x_wconf 78' lang='lat' dir='ltr'>haofig</span> <span class='ocrx_word' id='word_1_408' title='bbox 580 4122 633 4164; x_wconf 83' lang='lat' dir='ltr'>nea</span> <span class='ocrx_word' id='word_1_409' title='bbox 684 4095 738 4170; x_wconf 65' lang='lat' dir='ltr'>eil:</span> <span class='ocrx_word' id='word_1_410' title='bbox 784 4088 839 4144; x_wconf 64' lang='lat' dir='ltr'>Fls</span> <span class='ocrx_word' id='word_1_411' title='bbox 869 4095 969 4145; x_wconf 68' lang='lat'>⁶⁰7¹¹²⁰0</span> <span class='ocrx_word' id='word_1_412' title='bbox 1003 4086 1141 4168; x_wconf 60' lang='lat' dir='ltr'>biiuqhflss</span> <span class='ocrx_word' id='word_1_413' title='bbox 1170 4089 1240 4144; x_wconf 63' lang='lat' dir='ltr'>auch</span> 
     </span>
     <span class='ocr_line' id='line_1_48' title="bbox 76 4155 1241 4242; baseline -0.014 -15"><span class='ocrx_word' id='word_1_414' title='bbox 76 4183 186 4231; x_wconf 81' lang='lat' dir='ltr'>tontum</span> <span class='ocrx_word' id='word_1_415' title='bbox 199 4176 305 4242; x_wconf 71' lang='lat' dir='ltr'>(modo)</span> <span class='ocrx_word' id='word_1_416' title='bbox 325 4205 356 4214; x_wconf 88' lang='grc'>-</span> <span class='ocrx_word' id='word_1_417' title='bbox 369 4175 422 4230; x_wconf 72' lang='lat' dir='ltr'>sed</span> <span class='ocrx_word' id='word_1_418' title='bbox 435 4178 532 4238; x_wconf 62' lang='lat' dir='ltr'>eriam,</span> <span class='ocrx_word' id='word_1_419' title='bbox 550 4191 633 4231; x_wconf 64' lang='lat' dir='ltr'>wem</span> <span class='ocrx_word' id='word_1_420' title='bbox 683 4157 774 4214; x_wconf 80' lang='lat' dir='ltr'>burrus</span> <span class='ocrx_word' id='word_1_421' title='bbox 797 4155 853 4212; x_wconf 90' lang='lat' dir='ltr'>und</span> <span class='ocrx_word' id='word_1_422' title='bbox 875 4156 965 4225; x_wconf 86' lang='lat' dir='ltr'>Nepos</span> <span class='ocrx_word' id='word_1_423' title='bbox 992 4155 1135 4212; x_wconf 79' lang='lat' dir='ltr'>biswerleu</span> <span class='ocrx_word' id='word_1_424' title='bbox 1161 4171 1241 4222; x_wconf 63' lang='lat' dir='ltr'>ereo.</span> 
     </span>
    </p>
   </div>
   <div class='ocr_carea' id='block_1_13' title="bbox 7 4222 1242 4446">
    <p class='ocr_par' dir='ltr' id='par_1_14' title="bbox 7 4222 1242 4446">
     <span class='ocr_line' id='line_1_49' title="bbox 7 4222 1239 4310; baseline -0.015 -7"><span class='ocrx_word' id='word_1_425' title='bbox 7 4247 9 4258; x_wconf 81' lang='lat'><em>&#39;</em></span> <span class='ocrx_word' id='word_1_426' title='bbox 76 4243 119 4301; x_wconf 88' lang='lat' dir='ltr'>die</span> <span class='ocrx_word' id='word_1_427' title='bbox 140 4241 314 4310; x_wconf 87' lang='lat' dir='ltr'>Verueiuung</span> <span class='ocrx_word' id='word_1_428' title='bbox 336 4242 394 4299; x_wconf 82' lang='lat' dir='ltr'>sich</span> <span class='ocrx_word' id='word_1_429' title='bbox 419 4258 471 4298; x_wconf 90' lang='lat' dir='ltr'>nur</span> <span class='ocrx_word' id='word_1_430' title='bbox 489 4241 537 4298; x_wconf 86' lang='lat' dir='ltr'>aui</span> <span class='ocrx_word' id='word_1_431' title='bbox 553 4243 633 4298; x_wconf 85' lang='lat' dir='ltr'>einen</span> <span class='ocrx_word' id='word_1_432' title='bbox 683 4255 715 4264; x_wconf 85' lang='lat'>··</span> <span class='ocrx_word' id='word_1_433' title='bbox 734 4224 837 4294; x_wconf 67' lang='lat' dir='ltr'>PWO</span> <span class='ocrx_word' id='word_1_434' title='bbox 861 4232 947 4281; x_wconf 69' lang='lat' dir='ltr'>anie·</span> <span class='ocrx_word' id='word_1_435' title='bbox 986 4223 1013 4282; x_wconf 80' lang='lat' dir='ltr'>S·</span> <span class='ocrx_word' id='word_1_436' title='bbox 1034 4222 1104 4281; x_wconf 75' lang='lat' dir='ltr'>oben</span> <span class='ocrx_word' id='word_1_437' title='bbox 1126 4228 1149 4280; x_wconf 79' lang='lat'>⁷·</span> <span class='ocrx_word' id='word_1_438' title='bbox 1170 4228 1192 4279; x_wconf 89' lang='lat'>1.</span> <span class='ocrx_word' id='word_1_439' title='bbox 1210 4228 1239 4284; x_wconf 75' lang='lat'>6:</span> 
     </span>
     <span class='ocr_line' id='line_1_50' title="bbox 77 4297 795 4379; baseline -0.013 -8"><span class='ocrx_word' id='word_1_440' title='bbox 77 4308 217 4370; x_wconf 81' lang='lat' dir='ltr'>einzelnen</span> <span class='ocrx_word' id='word_1_441' title='bbox 239 4309 344 4379; x_wconf 76' lang='lat' dir='ltr'>tegrin</span> <span class='ocrx_word' id='word_1_442' title='bbox 367 4308 482 4366; x_wconf 84' lang='lat' dir='ltr'>bazieht.</span> <span class='ocrx_word' id='word_1_443' title='bbox 505 4336 538 4348; x_wconf 87' lang='lat'>-</span> <span class='ocrx_word' id='word_1_444' title='bbox 560 4309 632 4366; x_wconf 86' lang='lat' dir='ltr'>Naeh</span> <span class='ocrx_word' id='word_1_445' title='bbox 683 4297 708 4345; x_wconf 78' lang='lat'>⁸·</span> <span class='ocrx_word' id='word_1_446' title='bbox 727 4297 752 4346; x_wconf 79' lang='lat'>⁸·</span> <span class='ocrx_word' id='word_1_447' title='bbox 771 4297 795 4348; x_wconf 71' lang='lat'>⁶·</span> 
     </span>
     <span class='ocr_line' id='line_1_51' title="bbox 77 4375 1242 4446; baseline -0.005 -10"><span class='ocrx_word' id='word_1_448' title='bbox 77 4379 173 4436; x_wconf 78' lang='lat' dir='ltr'>brrian</span> <span class='ocrx_word' id='word_1_449' title='bbox 200 4379 297 4434; x_wconf 88' lang='lat' dir='ltr'>wurde</span> <span class='ocrx_word' id='word_1_450' title='bbox 324 4379 434 4434; x_wconf 88' lang='lat' dir='ltr'>Orsines</span> <span class='ocrx_word' id='word_1_451' title='bbox 461 4393 557 4446; x_wconf 83' lang='lat' dir='ltr'>wagan</span> <span class='ocrx_word' id='word_1_452' title='bbox 582 4377 632 4432; x_wconf 86' lang='lat' dir='ltr'>Oe·</span> <span class='ocrx_word' id='word_1_453' title='bbox 717 4380 759 4432; x_wconf 76' lang='lat'>42.</span> <span class='ocrx_word' id='word_1_454' title='bbox 788 4377 859 4433; x_wconf 84' lang='lat' dir='ltr'>udo.</span> <span class='ocrx_word' id='word_1_455' title='bbox 886 4377 1067 4434; x_wconf 82' lang='lat' dir='ltr'>libidinem.</span> <span class='ocrx_word' id='word_1_456' title='bbox 1114 4375 1150 4432; x_wconf 88' lang='lat' dir='ltr'>Zu</span> <span class='ocrx_word' id='word_1_457' title='bbox 1180 4391 1242 4430; x_wconf 86' lang='lat' dir='ltr'>ver·</span> 
     </span>
    </p>
   </div>
   <div class='ocr_carea' id='block_1_14' title="bbox 7 3220 633 3292">
    <p class='ocr_par' dir='ltr' id='par_1_15' title="bbox 7 3220 633 3292">
     <span class='ocr_line' id='line_1_52' title="bbox 7 3220 633 3292; baseline -0.003 -12"><span class='ocrx_word' id='word_1_458' title='bbox 7 3277 8 3280; x_wconf 74' lang='grc'>,</span> <span class='ocrx_word' id='word_1_459' title='bbox 74 3225 175 3280; x_wconf 78' lang='lat' dir='ltr'>Sitzen</span> <span class='ocrx_word' id='word_1_460' title='bbox 202 3224 402 3292; x_wconf 79' lang='lat' dir='ltr'>gemeiusamen</span> <span class='ocrx_word' id='word_1_461' title='bbox 428 3220 555 3290; x_wconf 75' lang='lat' dir='ltr'>Subielats</span> <span class='ocrx_word' id='word_1_462' title='bbox 585 3237 633 3290; x_wconf 80' lang='lat' dir='ltr'>ge-</span> 
     </span>
    </p>
   </div>
   <div class='ocr_carea' id='block_1_15' title="bbox 0 0 1456 4906">
    <p class='ocr_par' dir='ltr' id='par_1_16' title="bbox 0 0 1456 4906">
     <span class='ocr_line' id='line_1_53' title="bbox 0 0 1456 4906; baseline 0 0"><span class='ocrx_word' id='word_1_463' title='bbox 0 0 1456 4906; x_wconf 95' lang='lat' dir='ltr'> </span> 
     </span>
    </p>
   </div>
  </div>
 </body>
</html>
