2752 4776
343 230 585 282 meronmsuu
606 234 811 283 sunxannm
833 236 884 293 vr,
909 234 950 284 11.
1184 221 1225 286 47

59 392 153 461 tinet,
183 387 258 450 nihil
285 391 348 451 scio
377 398 408 452 et
436 389 511 452 haec
542 392 696 452 consessus
723 389 862 467 intellego
889 409 948 452 non
976 392 1120 471 prodesse
1143 393 1227 463 mihi,

60 474 141 557 qnod
163 477 331 554 praesentis
352 474 474 536 sceleris
496 494 603 555 expers
631 494 705 539 snm.
750 474 795 536 lili
823 493 928 537 rursus
949 479 1107 539 tormentis
1129 478 1229 539 admo·
1246 490 1278 538 31

59 564 115 631 tis,
145 577 217 621 cum
243 561 300 638 ipsi
329 576 447 638 quoque
474 559 567 621 hastis
596 579 628 621 os
657 559 818 637 oculosque
842 562 904 622 eius
927 560 1150 632 everberarent,
1178 582 1228 624 ex-

60 662 211 725 pressere,
234 649 268 704 ut
288 643 346 705 hoc
367 662 485 725 quoque
508 646 620 705 crimen
644 645 845 706 confiteretur.
890 645 1084 723 Exigentibus
1110 647 1225 717 deinde,
1245 658 1279 707 33

60 738 96 791 ut
117 728 255 791 ordinem
277 731 398 807 cogitati
420 727 542 790 sceleris
564 736 741 810 exponeret,
774 748 841 790 cum
871 729 921 790 diu
944 730 1049 791 Bactra
1076 740 1231 793 retentura

61 832 166 894 regem
187 813 377 884 riderentur,
406 815 539 875 timuisse
561 813 730 893 respondit,
759 831 797 875 ne
828 822 914 894 pater
934 835 996 875 axx
1019 824 1103 877 natus
1127 834 1229 887 annos,

62 900 137 962 tanti
159 899 307 960 exercitus
330 897 388 960 dux
412 892 551 979 [tantus],
575 906 673 960 tantae
696 900 840 978 pecuniae
864 908 972 969 eustos,
996 900 1115 960 interim
1132 904 1230 962 extin-

61 991 216 1063 gueretur,
238 985 352 1062 ipsique
375 983 502 1063 spoliato
524 985 613 1044 tantis
636 982 747 1044 viribus
769 983 924 1045 occidendi
951 985 1031 1062 regis
1059 1003 1148 1046 causa
1170 1003 1231 1045 non

62 1076 152 1133 esset.
202 1068 372 1129 Festinasse
401 1085 472 1146 ergo
500 1086 548 1139 se,
584 1067 653 1130 dnm
682 1070 848 1147 praemium
875 1069 905 1128 in
934 1067 1070 1129 manibus
1096 1067 1229 1138 haberet,

61 1162 292 1234 repraesentare
313 1151 479 1222 eonsilium,
507 1154 591 1214 cuius
612 1162 727 1232 patrem
750 1160 904 1228 expertem
927 1152 1017 1214 inisse
1041 1155 1100 1214 nisi
1123 1153 1229 1215 crede·
1248 1162 1280 1211 33

66 1244 147 1308 rent,
169 1244 328 1306 tormenta,
352 1254 530 1317 quamquam
552 1239 609 1298 iam
633 1237 760 1299 tolerare
783 1255 842 1297 non
864 1245 972 1318 posset,
994 1246 1168 1300 tamennon
1184 1257 1231 1300 re·
1249 1246 1283 1295 34
1330 1250 1333 1257 ·

10 1384 15 1407 ,Ι
64 1339 182 1385 cusare.
226 1320 272 1382 Iili
294 1320 443 1383 conlocuti
463 1325 535 1383 satis
557 1324 723 1402 quaesitum
738 1320 833 1382 videri
856 1322 891 1382 ad
913 1340 1015 1401 regem
1031 1330 1230 1387 revertuntur.

10 1396 126 1478 Muci
145 1413 269 1486 postero
290 1407 338 1467 die
361 1415 399 1477 et,
424 1424 499 1484 quae
522 1407 675 1468 confessus
697 1414 762 1468 erat
775 1406 913 1476 Philotas,
936 1408 1057 1469 recitari
1080 1416 1110 1469 et
1124 1411 1230 1488 ipsum,

62 1491 130 1573 quia
152 1490 272 1570 ingredi
300 1509 359 1551 non
388 1500 519 1571 poterat,
547 1493 633 1553 iussit
662 1491 784 1553 adferri.
830 1489 936 1553 Omnia
964 1491 1165 1570 adgnoscente
1195 1511 1230 1554 eo
1248 1501 1281 1552 35

59 1576 247 1644 Demetrius,
271 1578 323 1654 qui
346 1577 473 1655 proximi
495 1575 617 1638 sceleris
638 1578 789 1655 particeps
812 1594 877 1638 esse
899 1576 1096 1655 arguebatur,
1119 1577 1230 1656 produ·

63 1663 150 1723 citur.
194 1658 286 1720 Multa
308 1658 511 1721 adfirmatione
533 1663 683 1741 animique
705 1661 816 1741 pariter
841 1659 899 1741 [et]
927 1665 1092 1723 constantia
1116 1668 1147 1723 et
1167 1661 1230 1722 vul·
1280 1659 1285 1667 ’

61 1754 109 1807 tris
138 1744 289 1813 abnuens,
327 1747 485 1825 quicquam
512 1745 569 1806 sibi
596 1748 627 1807 in
655 1761 758 1822 regem
787 1749 948 1824 cogitatum
977 1765 1054 1814 esse,
1085 1755 1231 1808 tormenta
1271 1778 1273 1782 ·

63 1832 155 1892 etiam
178 1827 359 1909 deposcebat
378 1832 410 1890 in
432 1833 639 1909 semetipsum:
669 1847 737 1890 cum
759 1828 905 1900 Philotas,
933 1831 1115 1891 circumlatis
1137 1830 1231 1892 oculis
1249 1842 1282 1890 36

61 1923 98 1977 ut
117 1913 253 1977 incidere
275 1916 307 1975 in
329 1913 411 1974 Calin
440 1914 586 1994 quendam
614 1913 692 1976 haud
720 1914 825 1994 procul
850 1921 991 1983 stantem,
1018 1918 1143 1994 propius
1163 1935 1230 1976 eum
1313 1954 1316 1961 -

62 2000 152 2060 iussit
176 1998 330 2062 accedere.
381 1997 434 2059 llio
462 1998 636 2079 perturbato
670 2007 700 2060 et
734 2007 889 2059 recusante
923 2001 1049 2059 transire
1083 2000 1118 2060 ad
1153 2019 1230 2069 enm,

32 2083 231 2153 -.‘Patieris’,
257 2085 366 2163 inquit,
396 2084 597 2145 ‘Demetrium
620 2084 741 2145 mentiri
762 2100 924 2161 rursusque
953 2102 1000 2143 me
1030 2085 1229 2146 excruciarit'

64 2168 149 2231 Calin
169 2187 227 2230 vox
248 2169 426 2248 sanguisque
449 2168 621 2229 deiecerant
642 2176 672 2230 et
693 2167 870 2229 Macedones
890 2166 1027 2229 Philotan
1049 2171 1111 2229 inm
1132 2170 1231 2248 inqui·
1249 2179 1282 2228 37

65 2271 137 2317 nare
163 2255 304 2315 innoxios
332 2252 407 2314 velle
430 2252 671 2334 suspicabantur,
701 2253 769 2332 quia
792 2270 847 2313 nec
874 2271 889 2312 a
912 2251 1093 2313 Nicomacho
1115 2272 1172 2314 nec
1193 2252 1231 2315 ab

68 2340 131 2419 ipso
151 2336 279 2406 Philota,
303 2355 371 2399 cnm
394 2344 594 2417 torqueretur,
618 2339 786 2398 nominatus
809 2346 889 2398 esset
910 2336 1100 2399 adulescens:
1124 2341 1233 2417 quint

64 2423 234 2503 praefectos
255 2423 335 2501 regis
357 2423 583 2484 circumstantes
604 2442 637 2484 se
660 2420 748 2490 vidit,
777 2420 960 2483 Demetrium
989 2429 1018 2483 et
1039 2425 1231 2502 semetipsum

63 2506 94 2568 id
115 2506 232 2569 facinus
254 2509 401 2585 cogitasse
424 2507 578 2569 consessus
600 2514 654 2569 est.
699 2506 810 2567 Omnes
839 2523 909 2584 ergo
938 2523 954 2565 a
975 2505 1155 2568 Nicomacho
1177 2525 1231 2567 no·
1249 2516 1281 2566 33

63 2673 156 2731 itccc.
180 2672 221 2728 Et
237 2696 271 2716 =
289 2673 354 2729 und
372 2672 458 2729 doch
476 2673 530 2729 wie
548 2678 572 2730 3,
591 2678 620 2737 3;
673 2676 698 2727 6.
722 2675 747 2727 8.
771 2676 795 2734 2,
814 2689 860 2728 wo
879 2687 933 2728 von
949 2672 1039 2739 plura
1056 2673 1169 2729 locutus
1187 2673 1231 2728 ein

64 2746 105 2798 1⁰.
128 2745 152 2798 t.
177 2745 222 2803 13;
251 2744 291 2796 10.
314 2744 354 2797 10.
378 2744 410 2792 10
431 2758 458 2796 u.
482 2743 506 2796 ὃ.
541 2740 621 2797 Sina:
674 2756 729 2795 acc.
747 2755 770 2794 c.
788 2739 838 2795 ini.
855 2738 986 2807 abhangt.

62 2809 108 2865 ich
131 2806 209 2865 halte
235 2807 298 2868 fest¹
316 2824 352 2863 an
374 2808 465 2864 dieser
489 2811 621 2876 nussage,
707 2811 748 2860 35.
767 2806 978 2863 Demetrius.
1013 2809 1038 2864 S.
1057 2812 1081 2862 7.
1101 2810 1145 2870 15;
1164 2811 1189 2863 9.
1207 2810 1231 2859 5.

65 2875 621 2945 otheichichdocheinsehenmussetc.
707 2879 748 2930 36.
772 2877 932 2930 transire
958 2898 992 2918 ==
1018 2893 1057 2932 zu
1082 2875 1148 2931 ihm
1176 2875 1232 2942 (ei-

63 2943 622 3010 -osoculosqueeverberarent.
694 2940 810 2998 entlich:
834 2941 882 2997 aui
902 2943 978 2999 seine
1002 2941 1086 3011 Seite)
1114 2942 1173 2999 sich
1196 2960 1231 2998 an

62 3010 209 3069 itieseiben
226 3010 324 3090 Worte
344 3011 392 3066 hat
414 3010 562 3078 Quintilian
581 3013 621 3078 (2.
673 2957 850 3090 degehem—
862 3026 911 3090 me
922 3013 1143 3067 excruciari.
1154 3009 1231 3066 Blieb

62 3084 88 3138 4.
107 3077 152 3146 18)
171 3079 200 3133 in
218 3093 306 3134 emem
324 3078 428 3134 rhetor.
446 3077 572 3149 Beispiei
672 3077 746 3134 item.
775 3076 820 3133 her
856 3093 947 3134 semer
975 3077 1136 3148 Behauptun
1162 3122 1169 3142 ,
1199 3093 1230 3133 so

96 3185 140 3236 32·
163 3180 318 3236 ordinem
340 3195 407 3247 ⁶⁰9·
426 3156 577 3237 sceleris*
595 3181 620 3238 d.
672 3152 779 3201 musste
808 3144 921 3201 Zweifel
949 3162 983 3200 an
1014 3145 1061 3202 des
1089 3093 1231 3203 311133-

63 3246 304 3385 prrgpgg
320 3246 621 3382 gpqggpug
672 3211 1232 3348 3333333131333333

62 3381 622 3519 pege,gegggoggpe
674 3346 1122 3536 3333333333.
1139 3348 1232 3482 etr

62 3524 270 3584 retentura,
288 3535 320 3574 50
340 3519 402 3574 dass
415 3518 465 3573 ¹die
477 3516 624 3574 flflckkehr
675 3500 723 3539 sen
733 3484 792 3539 sein
802 3484 899 3545 soiite;
914 3482 983 3538 auch
997 3484 1072 3538 hatte
1107 3481 1230 3537 ehaiinus

63 3587 136 3643 nach
148 3585 252 3642 Medien
271 3586 299 3640 in
311 3586 395 3642 weite
407 3585 494 3641 lierne
507 3585 623 3652 gerfickt

64 3655 217 3711 33111333-
235 3669 345 3709 eausa
362 3653 423 3709 hier
440 3676 473 3696 =
491 3651 620 3708 Aniass.

62 3721 122 3778 Nur
140 3722 178 3776 im
194 3719 320 3776 Hinblick
344 3719 392 3777 aui
413 3721 502 3776 seines
526 3719 621 3776 Vaters

62 3787 622 3855 iiachtstessungkonntePhil.voneinem

62 3855 221 3937 Ansthage
252 3855 302 3936 auf
328 3856 513 3937 Alexander’s.
530 3855 622 3913 Lehen

63 3922 483 4117 tffpgtigoiggeg
496 3940 623 4048 ene
673 3954 1170 4090 33331331313333
1184 3954 1232 4076 rr

249 4102 256 4122 ⁹
478 4059 622 4127 gemm·
675 4107 714 4146 ne
746 4088 1027 4146 dherraschende
1056 4088 1232 4155 Wendung

99 4164 143 4217 34.
161 4161 340 4224 conlocuti
355 4183 389 4203 =
409 4160 555 4228 conloquio
572 4159 624 4215 ta·
676 4157 734 4213 der
751 4157 785 4212 ut
792 4172 854 4236 nge
874 4156 1073 4213 eiuidhrenden
1087 4156 1166 4212 Sotae
1182 4156 1232 4210 mit

64 4228 122 4286 bito
144 4229 348 4291 decernentes,
375 4227 459 4283 daher
484 4229 534 4282 mit
563 4228 624 4283 dem
676 4242 739 4282 cum
757 4242 780 4282 c.
795 4226 876 4283 indic.
906 4225 965 4292 Vgi.
978 4230 1002 4281 3.
1015 4228 1081 4288 r.2;
1101 4229 1125 4280 3.
1139 4228 1178 4280 11.
1190 4227 1232 4279 21.

64 4313 122 4355 ace.
148 4312 171 4352 c.
194 4294 243 4352 int.
278 4296 337 4364 Vgi.
359 4295 412 4351 Cic.
431 4310 493 4364 epp.
512 4295 545 4351 ad
569 4297 625 4351 Att.
710 4297 752 4349 38.
770 4309 886 4351 omnes
905 4310 998 4362 ereo,
1021 4292 1055 4348 da
1074 4293 1121 4348 das
1146 4291 1233 4358 Zeug-

674 3551 733 3606 sich
763 3549 956 3607 ausdrucklich
989 3550 1037 3607 aui
1070 3550 1114 3604 die
1142 3549 1232 3604 111311-

673 3618 771 3674 nahme
794 3635 848 3675 von
870 3620 926 3673 viri
947 3617 1042 3685 fortes
1060 3623 1087 3673 et
1104 3616 1232 3673 illustres

674 3685 710 3752 (t.
728 3687 754 3753 6)
773 3685 897 3742 heruteu.

708 3757 750 3811 37.
769 3751 1231 3818 etMaced....suspieedcn-

674 3827 732 3876 tur
749 3844 782 3864 =
801 3820 868 3876 ‘und
887 3820 931 3875 die
943 3819 1007 3876 Mac.
1019 3819 1110 3886 fingen
1127 3817 1230 3875 hereits

673 3905 708 3943 an
721 3905 754 3943 zu
767 3889 946 3955 argwdhnen.
972 3886 1024 3942 lter
1038 3885 1168 3953 inigende
1179 3885 1231 3942 Re·
