2752 4776
389 224 632 273 msronranun
654 226 858 273 scamnum
880 228 931 292 v1‚
954 225 979 273 a.
1223 213 1265 279 25

92 388 303 459 poterant-
324 379 430 442 Bactra
451 381 590 459 perfugit,
614 382 706 442 ceteri
728 383 878 461 proximos
898 390 1014 443 montes
1036 394 1262 464 occupaverunt.

92 465 267 543 Praerupta
288 480 379 543 rupes
401 472 455 534 est,
478 484 534 545 qua
556 473 669 546 spectat
683 465 881 527 occidentem:
906 468 1017 538 eadem,
1042 486 1098 546 qua
1119 472 1215 547 vergit
1229 469 1264 529 ad
1283 478 1320 528 23-

96 550 257 619 orientem,
280 546 395 610 leniore
416 548 565 611 submissa
586 549 704 627 fastigio
732 550 834 612 multis
861 551 1018 613 arboribus
1041 552 1137 614 obsita
1158 570 1264 633 peren-

96 652 169 695 nem
190 632 285 694 habet
305 633 426 705 fontem,
451 652 487 695 ex
510 652 568 714 quo
589 633 672 713 large
687 654 780 715 aquae
796 644 925 697 manant.
963 637 1110 699 Circuitus
1125 640 1188 699 eius
1201 660 1265 699 xxx

101 726 134 780 et
154 718 211 779 duo
235 717 331 779 stadia
354 718 579 798 conprehendit.
622 720 655 780 ln
679 723 791 781 vertice
814 720 955 782 herbidus
982 740 1120 800 campus:
1149 724 1178 783 in
1208 723 1265 783 hoc
1283 732 1318 781 24

100 802 323 865 multitudinem
346 803 484 865 inbellem
507 803 661 865 considere
690 804 802 866 iubent.
847 806 921 886 Ipsi,
951 822 1006 883 qua
1033 825 1124 886 rupes
1153 807 1263 876 deerat,

98 886 244 949 arborum
267 894 389 948 truncos
410 895 441 948 et
459 906 529 949 saxa
551 887 760 951 obmoliuntur.
803 910 862 949 x111
884 890 963 951 milia
986 900 1097 951 armata
1120 899 1212 962 erant,
1234 894 1264 953 in
1283 900 1318 950 ab

97 990 230 1051 quorum
254 971 408 1033 obsidione
431 971 551 1034 Cratero
574 972 678 1034 relicto
701 976 766 1054 ipse
789 973 1000 1036 Satibarzanen
1028 976 1111 1054 sequi
1133 976 1264 1036 festinat.

81 1054 136 1117 titt
157 1059 229 1137 quia
252 1054 369 1135 longius
392 1057 494 1118 abesse
518 1075 585 1118 eum
608 1066 801 1136 cognoverat,
831 1059 867 1119 ad
892 1060 1103 1139 expugnandos
1126 1077 1190 1130 eos,
1215 1061 1265 1137 qui

98 1141 180 1203 edita
208 1144 357 1203 montium
385 1150 613 1220 occupaverant,
647 1143 734 1203 redit.
783 1144 824 1204 hc
856 1146 952 1224 primo
985 1146 1141 1225 repurgari
1173 1144 1264 1214 iubet,
1284 1152 1320 1201 ao

98 1225 248 1307 quidquid
270 1226 386 1304 ingredi
407 1234 543 1304 possent:
568 1227 682 1297 deinde,
706 1235 739 1288 ut
762 1228 959 1290 occurrebant
973 1230 1069 1290 inviae
1084 1236 1165 1289 cotes
1180 1247 1265 1309 prae-

95 1318 268 1391 ruptaeque
290 1327 391 1389 rupes,
415 1314 525 1373 inritus
548 1312 632 1373 labor
655 1312 810 1373 videbatur
832 1311 967 1374 obstante
988 1320 1103 1378 natura.
1147 1311 1209 1383 llle,
1233 1321 1267 1374 ut
1284 1321 1317 1369 aa

99 1402 166 1457 erat
187 1395 281 1456 animi
303 1413 420 1475 semper
443 1395 620 1458 obluctantis
643 1396 879 1469 difficultatibus,
908 1416 973 1459 curn
1004 1405 1034 1458 et
1054 1399 1197 1477 progredi
1218 1416 1267 1458 ar·

97 1480 194 1542 duum
219 1487 251 1540 et
270 1482 379 1542 reverti
402 1479 600 1560 periculosum
623 1491 715 1552 esset,
738 1482 874 1543 versabat
896 1501 927 1543 se
942 1482 977 1542 ad
995 1500 1098 1543 omnes
1113 1485 1266 1560 cogitatio-

95 1582 164 1639 nes,
190 1562 272 1625 aliud
295 1571 382 1642 atque
404 1565 492 1636 aliud,
515 1567 554 1627 ita
578 1574 609 1626 ut
631 1567 696 1627 fieri
711 1566 795 1637 solat,
819 1566 870 1627 ubi
884 1569 980 1646 prima
995 1585 1130 1647 quaeque
1146 1568 1266 1628 damna·

96 1667 177 1720 mus,
203 1647 369 1710 subiciente
391 1652 501 1710 auimo.
546 1651 719 1720 Haesitanti,
743 1652 822 1731 quod
845 1654 922 1712 ratio
945 1669 1005 1713 non
1021 1653 1126 1731 potuit,
1149 1652 1266 1713 fortuna

97 1732 262 1795 consilium
284 1733 526 1796 subministravit.
571 1734 738 1796 Vehemens
761 1736 895 1796 favonius
917 1744 993 1806 erat,
1018 1744 1047 1797 et
1068 1737 1189 1797 multam
1205 1754 1266 1796 ma·
1284 1743 1318 1792 28

97 1819 210 1880 teriam
237 1817 387 1880 ceciderat
413 1820 512 1888 miles,
548 1819 658 1881 aditum
687 1839 740 1900 per
774 1838 842 1881 saxa
870 1818 999 1881 molitus.
1051 1821 1130 1880 llaec
1157 1838 1268 1900 vapore

96 1902 221 1965 torrida
244 1902 302 1963 iam
329 1904 484 1965 inarserat.
534 1903 612 1982 Ergo
640 1904 742 1981 adgeri
775 1903 846 1964 alias
880 1902 1002 1965 arbores
1037 1903 1121 1965 iubet
1149 1915 1178 1964 et
1203 1906 1266 1982 igni
1284 1911 1319 1959 ee

100 1987 172 2048 dari
199 1984 350 2049 alimenta:
390 1986 585 2067 celeriterque
618 1987 767 2068 stipitibus
799 1987 955 2050 cumulatis
981 1988 1129 2067 fastigium
1158 1989 1267 2049 montis

101 2078 262 2153 aequatum
291 2079 345 2134 est.
390 2072 474 2134 'lunc
502 2073 633 2152 undique
660 2074 736 2152 ignis
762 2074 889 2134 iniectus
912 2080 1017 2133 cuncta
1039 2072 1264 2152 conprehendit.
1283 2079 1318 2128 30

101 2154 267 2218 Flammam
289 2159 320 2218 iu
343 2176 395 2218 ora
417 2159 545 2218 hostium
568 2167 672 2219 ventus
694 2156 823 2227 ferebat,
846 2159 946 2218 fumus
967 2159 1072 2235 ingens
1093 2156 1173 2218 velut
1196 2174 1267 2234 qua·

106 2240 172 2303 dam
185 2240 267 2303 uube
281 2240 478 2303 absconderat
493 2241 616 2304 caelum.
661 2242 812 2304 Sonabant
833 2242 973 2303 incendio
996 2240 1100 2312 silvae,
1124 2250 1211 2321 atque
1234 2259 1268 2302 ea
1285 2248 1318 2296 31

111 2343 232 2407 quoque,
257 2344 333 2404 quae
355 2345 414 2388 non
437 2327 611 2388 incenderat
631 2327 733 2398 miles,
763 2334 906 2406 concepto
933 2328 1002 2405 igne
1023 2328 1156 2407 proxima
1180 2345 1268 2406 quae·

110 2426 166 2489 que
185 2410 357 2472 adurehant.
403 2410 528 2472 Barbari
550 2413 763 2492 suppliciorum
785 2411 934 2481 ultimum,
965 2413 990 2471 si
1012 2431 1070 2491 qua
1092 2413 1269 2471 intermore-

109 2502 188 2555 retur
209 2496 304 2573 ignis,
333 2496 464 2574 effugere
486 2496 683 2575 temptabant,
712 2497 764 2557 sed
792 2515 849 2575 qua
876 2496 993 2556 flamma
1017 2496 1139 2557 dederat
1160 2495 1267 2566 locum,

113 2706 222 2769 ldnnen.
257 2711 341 2769 Satib.
358 2711 490 2769 ssdchtete
507 2714 565 2769 sich
578 2714 661 2769 sumit
712 2714 730 2779 S
755 2717 788 2764 2⁷
815 2713 843 2767 in
871 2711 1020 2775 scharfem,
1048 2710 1269 2779 asyndetischem

116 2778 265 2837 infessus.
713 2781 888 2847 Gegensatze.

144 2874 180 2928 aa.
197 2888 305 2941 rupes
323 2879 386 2936 est,
405 2873 572 2929 namium.
586 2874 613 2929 h.
630 2876 661 2929 in
746 2869 787 2917 2⁷·
803 2866 919 2932 arima
959 2879 1133 2931 uaeaue=
1146 2862 1200 2919 die
1219 2879 1270 2918 er·

119 2941 246 3001 nmmo
274 2942 422 2997 montibus.
457 2941 507 2997 has
532 2941 662 3008 fulgenda
714 2940 795 2987 sten
825 2882 1017 2995 Gedassltelb
1050 2930 1269 3011 ufshfl'fflgll·

122 3018 165 3071 tuo
178 3006 216 3063 ist
233 3008 486 3076 restringirend
506 3032 539 3051 =
558 3008 660 3064 ‘indess
715 3001 798 3056 chen
816 2998 924 3054 Plane.
947 2998 999 3055 llas
1012 2996 1154 3054 Sclrertern
1167 2998 1214 3053 des
1228 3015 1269 3054 er·

123 3082 163 3127 mr
176 3090 210 3130 an
228 3075 277 3131 der
289 3074 374 3139 Seite,
392 3092 437 3131 wc
451 3083 512 3133 etc!
530 3104 564 3115 —
582 3077 661 3132 sub·
715 3075 777 3123 sten
800 3066 951 3132 versuciis,
979 3067 1064 3122 meiat
1086 3067 1134 3122 der
1156 3064 1270 3121 Schrift-

124 3141 225 3209 un‘asa,
244 3160 267 3198 s.
285 3148 311 3197 4.
331 3147 375 3203 193
394 3143 449 3200 Liv.
467 3149 508 3200 27,
528 3148 567 3200 ιθ,
584 3148 610 3199 6,
628 3173 662 3182 -
715 3133 824 3199 steller,
842 3134 933 3191 macht
951 3134 994 3190 die
1012 3134 1158 3190 henschen
1176 3134 1204 3189 in
1222 3133 1271 3188 der

139 3222 174 3264 aa
188 3226 296 3290 rupes
314 3210 448 3274 deerat,
471 3211 530 3267 also
549 3211 598 3267 auf
613 3212 663 3267 dor
713 3201 1169 3327 {pcepepspapehrafpepppkpnpicpep9
1180 3202 1270 3256 heho-

126 3340 143 3396 l.
156 3277 476 3402 tlllenlrllrdlllllollntzll.
492 3281 594 3401 lgllllt
608 3279 663 3347 γει
731 3341 790 3418 ,28.
808 3338 961 3417 molitum
980 3338 1023 3394 die
1033 3308 1270 3418 'Saldatenhatten

147 3439 183 3493 25·
202 3440 237 3494 in
249 3455 390 3507 quorum
403 3439 591 3495 obsidione·
613 3438 663 3493 Ue,
715 3407 774 3461 sich
798 3413 881 3461 scunt
903 3405 989 3461 durch
1014 3404 1057 3460 dre
1080 3418 1174 3460 anonae
1194 3409 1271 3458 cotes

121 3497 663 3641 reapprppppppppp-
714 3471 1270 3596 e{flaccescentemr.

81 3634 91 3721 t
120 3636 663 3765 §Jeep‘pagato-Valfflgpa⁷·‡o2gj
715 3605 1270 3794 tfdlfttlfftdfttffffffh

134 3775 140 3788 ·
316 3776 322 3789 ·
624 3776 630 3788 ·
715 3742 828 3810 zurattig
854 3744 880 3798 in
907 3741 996 3798 Braud
1022 3741 1166 3808 gerathem
1213 3740 1271 3794 arin

81 3771 89 3917 l
115 3748 422 3901 lllfnhlhllirlf?
434 3780 507 3833 ω
523 3777 662 3833 'mm'
715 3806 1272 3943 32l³¹32l30ffi3fsg¹¹3¹2¹25ssl⁰²¹¹lissgfflelg

141 3948 183 4002 26.
200 3946 372 4013 quidquid
389 3945 662 4013 sospena-vste·
753 3950 795 4000 31.
823 3949 988 4010 concepto
1011 3946 1103 4011 igne,
1130 3940 1188 3996 hez.
1212 3941 1270 3996 sich

112 4014 360 4079 ordinamur.
377 4041 411 4051 —
429 4013 663 4069 occurrebant
715 4011 763 4068 auf
779 4013 826 4067 das
846 4010 952 4079 objekt.
988 4010 1016 4065 ln
1038 4011 1129 4076 nezug
1152 4007 1201 4064 auf
1222 4007 1269 4064 das

113 4081 160 4136 wie
177 4080 236 4136 Liv.
255 4084 296 4136 36.
314 4085 355 4137 25.
373 4084 389 4133 5
411 4083 442 4136 in
464 4082 577 4148 asperis
594 4081 663 4136 locis
716 4078 832 4146 Subjeht
848 4081 954 4133 milsste
972 4094 1001 4133 es
1025 4077 1143 4147 diffuso,
1166 4092 1270 4143 propa·

113 4148 372 4207 obxoccurreoat.
385 4178 419 4187 —
437 4149 663 4205 uidebatur=
714 4152 778 4215 pcto
796 4148 861 4212 ipne
878 4145 996 4201 heissen.
1014 4174 1047 4184 -
1066 4149 1271 4201 intermore-

113 4218 220 4273 ‘erwies
234 4216 303 4271 sich’
323 4210 449 4284 (ἐφάνη).
467 4216 599 4272 aunachst
611 4216 664 4272 den
715 4220 823 4270 retur.
850 4214 942 4269 Schon
958 4213 1014 4268 Liv.
1027 4231 1053 4271 n.
1067 4213 1120 4270 dic.
1133 4211 1270 4268 branchen

110 4281 401 4352 damitlleauftragten.
423 4283 522 4341 Hierzu
532 4284 605 4340 steht
617 4284 664 4339 ille
716 4284 763 4338 das
781 4282 863 4339 Wort
880 4280 1001 4340 bildlich.
