2752 4776
150 210 214 277 152
613 226 646 286 Q.
670 223 775 274 cuam
795 224 878 274 nuru

148 384 180 441 in
202 390 315 441 terram
337 382 515 459 refugerunt
535 380 658 459 navigiis
679 378 851 459 ratibusque
876 378 1012 442 desertis.
1057 379 1117 441 Sed
1141 380 1308 441 tumultuan-

150 468 223 526 tium
246 464 384 526 fremitus
413 463 653 541 obstrepentibus
680 464 775 525 ventis
803 462 840 525 ab
865 464 950 525 hoste
978 482 1040 526 non
1066 472 1189 543 poterat
1215 462 1313 525 audirl'
1335 469 1349 548 ‘i

96 567 133 616 24
150 547 263 610 Deinde
286 556 437 609 momento
460 550 604 628 temporis
625 565 782 626 repressus
797 556 841 609 est
862 547 975 619 imber,
999 554 1136 610 ceterum
1158 548 1304 625 adeospla·
1345 550 1349 636 1

150 652 201 695 sae
223 631 378 694 intendere
401 648 434 693 se
454 630 562 702 nubes,
588 642 620 693 ut
640 631 804 693 conderent
824 630 922 694 lucem
950 634 1058 711 vixque
1079 631 1303 709 conloquentium
1346 652 1349 706 3

98 734 133 784 25
150 719 230 777 inter
244 718 326 794 ipsos
341 717 431 777 iacies
445 719 678 777 noscitarentur.
709 716 878 777 Terruisset
899 714 989 777 alium
1004 716 1135 778 obducta
1151 733 1210 777 noa
1226 714 1303 785 caelo,

151 819 218 861 cum
246 801 348 879 ignoto
376 818 463 861 amne
491 800 689 877 navigandum
720 807 813 869 esset,
849 801 975 861 forsitan
1006 799 1094 862 hoste
1126 818 1194 861 cam
1224 801 1303 878 ipsam

150 887 261 964 ripam,
295 903 384 965 quam
417 885 497 946 caeci
530 891 618 963 atque
650 883 800 963 inprovidi
829 886 987 960 petebant,
1021 892 1150 946 tanente.
1197 884 1232 945 lt
1260 899 1304 944 rex

150 968 284 1049 periculo
306 969 431 1047 gloriam
454 985 611 1030 accersens
633 978 663 1029 et
684 967 911 1036 obscuritatem,
940 985 1016 1048 quae
1038 976 1159 1029 ceteros
1180 966 1302 1034 terrebat,

100 1070 134 1119 ‘ao
151 1071 235 1116 suam
259 1054 447 1115 occasionem
469 1060 551 1113 ratus
573 1052 641 1113 dato
668 1052 768 1130 siguo,
798 1061 832 1113 ut
853 1070 957 1114 omnes
981 1052 1101 1114 silentio
1129 1051 1303 1113 ascenderent

98 1140 299 1207 ariarates,
324 1155 403 1206 eam,
428 1155 484 1215 qua
506 1137 570 1215 ipse
593 1134 769 1205 vehebatur,
795 1138 923 1215 primam
945 1138 1033 1198 iussit
1059 1134 1181 1217 expelli.
1222 1136 1302 1197 Vacua
1338 1198 1341 1203 ,

150 1231 215 1283 erat
236 1221 273 1283 ab
296 1220 430 1282 hostibus
451 1222 530 1300 ripa,
554 1238 631 1300 quae
652 1220 824 1300 petebatur,
847 1222 957 1301 quippe
984 1220 1083 1282 adhuc
1105 1221 1203 1283 Porus
1222 1216 1303 1281 Ptolo·
1338 1238 1349 1280 1

149 1324 267 1366 maeum
296 1312 410 1365 tantum
438 1302 620 1365 intuebatur.
665 1305 728 1366 Una
756 1320 829 1383 ergo
856 1306 938 1379 navi,
968 1324 1057 1384 quam
1084 1312 1191 1383 petrae
1215 1303 1304 1364 fluctus
1340 1365 1345 1387 ἶ

149 1388 298 1458 inliserat,
322 1389 465 1449 haerente
487 1396 605 1449 ceterae
629 1388 769 1450 evadunt:
793 1406 934 1467 armaque
956 1406 1064 1468 capere
1087 1387 1197 1449 milites
1225 1395 1251 1449 et
1268 1388 1305 1447 irc
1338 1416 1341 1421 ·

149 1476 181 1533 in
205 1472 325 1533 ordines
347 1473 443 1533 iussit.

649 1604 729 1668 Car.
751 1606 825 1667 xlv.

116 1741 131 1788 1
235 1722 356 1801 lamque
378 1739 485 1801 agmen
517 1725 548 1783 in
582 1741 693 1785 cornua
721 1724 845 1785 divisum
879 1724 943 1803 ipse
975 1724 1117 1796 ducebat,
1153 1742 1222 1785 oum
1242 1716 1343 1785 Porcii

150 1808 307 1873 nuntiatur
329 1810 420 1881 armis
443 1807 572 1888 virisque
595 1809 691 1886 ripam
708 1807 839 1870 obtineri
861 1817 891 1869 et
905 1826 1007 1869 rerum
1022 1809 1129 1871 adesse
1152 1808 1308 1871 discrimen.
1342 1840 1346 1845 ·

150 1895 192 1953 Ac
213 1892 310 1970 primo
332 1879 453 1953 humani
474 1892 587 1968 ingenii
611 1893 680 1953 vitio
707 1895 770 1971 spei
797 1910 868 1954 suae
897 1892 1056 1970 indulgens
1077 1891 1227 1955 Abisaren
1251 1888 1310 1952 belli

115 1993 132 2043 2
151 1977 266 2037 socium
282 1978 423 2037 -etita
440 1982 619 2037 convenerat
639 1974 682 2021 -'-
703 1977 862 2038 adventare
882 1975 1033 2039 credebat.
1070 1976 1139 2038 Mox
1163 1975 1311 2055 liquidiore

150 2059 218 2121 luce
251 2061 403 2139 aperiente
435 2061 527 2120 aciem
560 2059 732 2122 hostiumo
763 2060 920 2139 quadrigas
952 2068 982 2120 et
1003 2080 1056 2121 1111
1076 2060 1159 2121 milia
1190 2061 1312 2139 equitum

151 2145 281 2203 venienti
296 2144 407 2221 agmini
422 2143 539 2205 obiecit.
579 2144 642 2204 Dux
658 2153 722 2205 erat
740 2145 907 2224 copiarum,
931 2162 1004 2224 quas
1024 2146 1197 2225 praemisit,
1216 2144 1310 2221 lisga,

119 2227 246 2293 alrater
268 2228 376 2305 ipsius,
399 2244 514 2288 summa
537 2229 643 2287 virium
665 2231 696 2288 in
719 2228 874 2289 curribus:
904 2246 992 2288 senos
1014 2231 1092 2289 viros
1108 2226 1218 2306 singuli
1232 2227 1311 2287 velie·

151 2310 239 2379 bant,
263 2309 338 2370 duos
353 2311 511 2389 clipeatos,
536 2310 611 2373 duos
626 2314 809 2390 sagittarios,
833 2310 870 2372 ab
892 2319 1018 2391 utroque
1040 2312 1134 2374 latere
1148 2312 1310 2392 dispositos:

151 2395 273 2470 aurigae
296 2405 382 2455 erant
402 2396 511 2465 ceteri,
542 2394 620 2456 baud
644 2415 715 2457 sane
737 2398 879 2461 inermes,
910 2399 1021 2475 quippe
1048 2396 1145 2458 iacula
1169 2395 1310 2476 conplura,

183 2579 225 2631 24.
243 2578 384 2644 spissae
400 2579 450 2632 int.
463 2592 494 2633 se
509 2578 607 2634 nubes.
637 2577 710 2632 Gauz
761 2582 785 2630 3.
804 2581 834 2628 11
853 2593 881 2633 u.
904 2578 941 2633 ὀ.“
963 2577 1015 2632 lias
1041 2576 1174 2646 folgende
1196 2593 1258 2634 cam
1279 2575 1310 2629 ist

150 2642 252 2700 ebeuso
271 2642 342 2699 oben
359 2647 384 2699 4.
402 2650 426 2701 3.
445 2648 486 2702 16,
523 2644 711 2701 Nacbdrrian
762 2645 836 2701 bier:
858 2646 898 2699 als
922 2652 1001 2701 ersi.
1023 2673 1056 2682 -
1083 2648 1191 2701 armis
1218 2645 1311 2700 viris·

149 2711 214 2766 land
239 2711 283 2767 die
305 2710 468 2768 Ueberlabrt
495 2730 544 2768 zur
570 2712 711 2768 Nachtzeit
762 2711 1004 2780 qae,poetisches
1015 2701 1047 2765 ἓν
1058 2706 1108 2765 διὰ
1119 2712 1213 2765 δυοῖν.
1232 2710 1307 2766 bbu-

149 2787 225 2834 statt.
762 2795 793 2835 so
813 2781 829 2841 §
846 2782 893 2841 21ς
912 2784 936 2832 9.
954 2781 1014 2835 at.
1032 2807 1064 2816 -
1082 2781 1267 2847 inculpans
1280 2797 1307 2819 =

183 2850 224 2901 25.
254 2863 325 2902 eam
354 2851 463 2916 ipsam
492 2849 612 2913 ripam.
659 2845 709 2901 Ge·
762 2846 833 2900 sich
846 2844 1050 2912 bingebeud,
1065 2842 1307 2914 nuchhangenb

150 2928 248 2967 nauer:
278 2930 340 2970 eam
368 2919 459 2983 ipsam
482 2918 564 2980 ripae
588 2919 708 2981 partam.
761 2913 816 2967 wie
838 2915 914 2968 8.16
940 2912 1047 2980 imdalp.
1071 2912 1218 2971 tamarice.
1235 2940 1265 2950 -
1281 2913 1306 2966 et

149 2976 434 3048 Ebensoripaw.
456 2995 709 3037 -accersens
760 2981 811 3034 ita
844 2986 1066 3047 convenerat.
1119 2980 1156 3037 So
1192 2979 1307 3035 wirdet

150 3044 210 3111 Vgl.
230 3045 286 3104 Liv.
303 3053 344 3104 21.
362 3053 388 3106 4.
406 3055 421 3103 7
439 3051 520 3115 quies
531 3047 609 3103 molli
619 3053 710 3104 strato
762 3046 1008 3115 i‘undallerdlngs
1021 3042 1306 3111 winilich’)niobtsel·

151 3116 301 3171 accersita.
319 3144 352 3153 -
370 3116 409 3171 Zu
431 3131 514 3172 suam
533 3118 711 3171 occasionem
761 3122 808 3170 ten
832 3115 860 3169 in
882 3113 1069 3170 Parenthesen
1096 3114 1254 3183 gebraucbt.
1285 3108 1305 3164 S·

151 3178 205 3245 vgl.
224 3184 248 3231 4.
266 3183 290 3236 6.
309 3185 349 3237 13.
763 3179 834 3237 oben
858 3186 880 3237 1.
898 3184 922 3234 4.
954 3181 1060 3248 Analog
1083 3183 1120 3238 ist
1144 3182 1268 3250 napaei·
1284 3179 1303 3228 ⁶·

185 3250 225 3301 26.
249 3247 391 3315 capelli.
433 3248 510 3302 Aucb
533 3247 625 3302 Livius
648 3256 710 3314 sagr
761 3252 804 3303 22.
839 3247 890 3303 lias
909 3247 1033 3305 ziemllob
1056 3243 1305 3316 gleichbedeutende

151 3329 251 3368 navem
269 3318 299 3370 in
319 3316 407 3371 altum
424 3314 570 3381 expauere
591 3336 625 3356 =
642 3331 709 3381 pro·
761 3318 802 3371 ita
829 3319 903 3371 enim
931 3315 1015 3372 findet
1041 3317 1101 3372 sich
1129 3334 1151 3371 z.
1178 3318 1207 3372 B.
1236 3320 1304 3371 uuteo

148 3381 265 3450 pellere.
301 3383 406 3439 luders
425 3385 448 3435 9.
467 3385 493 3436 4.
514 3385 544 3433 11
563 3384 594 3436 in
616 3385 710 3448 ripam
762 3382 841 3448 839.

150 3451 272 3506 innoxia
292 3450 432 3518 (accipio)
451 3448 574 3517 expulsa
592 3455 668 3505 sunt.

184 3521 225 3570 27.
251 3518 374 3575 Vacua.
410 3518 487 3573 buch
510 3516 554 3572 die
576 3515 712 3572 Classiker
796 3520 821 3568 2.
846 3517 1047 3584 liquidiore.
1091 3518 1150 3584 Vgl.
1178 3522 1201 3573 7.
1225 3520 1262 3568 11.
1280 3512 1304 3562 ll

150 3583 299 3642 verbiuden
321 3601 430 3642 vacuus
452 3584 528 3640 nieht
551 3582 639 3640 seiten
661 3584 711 3638 mit
762 3584 896 3651 liquidior
917 3585 979 3639 lam.
996 3612 1030 3621 -
1047 3583 1120 3640 Nacb
1143 3585 1304 3640 urrunnu

151 3652 198 3714 ab,
222 3653 310 3709 zumal
328 3653 357 3709 in
380 3654 430 3709 der
450 3651 646 3707 militarischen
664 3651 712 3706 Re·
762 3650 851 3718 Hages
869 3651 914 3705 ein
932 3651 1008 3707 Sohn
1025 3651 1073 3707 des
1088 3651 1187 3707 Porus.
1222 3648 1305 3707 Ueber·

151 3720 275 3788 deutung
292 3718 325 3763 -'-
344 3737 401 3776 noa
417 3720 561 3776 obsessas·
578 3747 612 3756 -
628 3718 711 3773 bae·
761 3718 816 3773 bau
839 3726 850 3773 t
867 3718 904 3774 ist
921 3735 971 3773 aur
988 3717 1173 3786 Eriauterung
1193 3718 1240 3774 des
1256 3711 1305 3787 ibij

151 3793 250 3844 rente
272 3788 296 3845 d.
316 3788 332 3851 i.
357 3789 487 3856 bingen
510 3784 610 3842 blieb.
651 3783 711 3851 Vgl.
763 3734 1305 3864 gennffendloScblacbtbescbreibuugbt¹

149 3858 234 3907 410.
255 3859 286 3906 12
304 3855 482 3915 haesissent,-
499 3858 524 3905 6.
537 3858 561 3908 2.
576 3856 592 3905 8
609 3852 711 3907 baere-
762 3853 861 3906 Arrran
883 3853 918 3917 (ὅ.
939 3853 1059 3916 16-19)
1082 3869 1116 3907 zu
1139 3850 1306 3922 verglerchep

150 3923 226 3978 bant.
245 3950 279 3959 -
297 3938 470 3990 armaque.
510 3920 571 3988 One
589 3942 622 3963 ==
643 3918 712 3974 ‘und
764 3917 808 3974 die
834 3919 879 3973 cin
905 3919 1014 3976 wahres
1037 3917 1229 3976 lleisterstilcl
1249 3912 1305 3972 mill·

151 3989 262 4046 saiort’.
298 3989 336 4045 Zu
354 3991 398 4047 ire
419 3992 450 4045 in
474 3990 591 4045 ordines
614 3987 668 4053 rgl.
686 3990 711 4042 4.
763 3986 898 4041 ttriscber
915 3985 1091 4054 llarstellung
1108 3987 1153 4043 ist.

355 4154 417 4210 Cas.
435 4152 505 4212 XIV.
796 4123 820 4175 3.
832 4120 969 4187 cmpuli
982 4120 1159 4177 cebebant.
1184 4119 1239 4242 iffi.
1251 4112 1306 4170 uber

761 4186 836 4242 disse
864 4186 953 4244 abtim
982 4187 1180 4244 construition
1218 4188 1249 4240 ur
1272 4178 1309 4234 die

187 4263 210 4314 1.
227 4261 263 4314 in
280 4274 412 4315 cornua
435 4258 593 4315 divisam.
628 4256 665 4312 So
683 4260 708 4310 4.
761 4255 846 4311 uther
863 4253 989 4322 liegende
1007 4255 1116 4325 passive
1132 4254 1200 4312 Einl.
1218 4252 1236 4317 8
1251 4251 1308 4301 1⁷³·
