2752 4776
353 260 593 309 nrsromnnun
614 260 818 309 nnnxaunm
840 262 892 326 vr,
915 258 939 308 e.
1183 246 1224 311 at

14 448 26 481 .·
55 422 143 477 sunt:
167 413 287 493 linguae
310 418 461 479 temeritas
484 416 675 496 pervenitad
698 415 818 495 gladios,
845 418 926 487 llos,
951 419 976 478 si
998 416 1070 478 mibi
1094 418 1223 488 creditis,
1243 428 1275 477 21

55 498 192 563 Philotas
214 500 244 560 in
267 518 314 561 me
337 505 424 562 acuit.
468 503 510 562 Id
530 503 554 560 si
576 503 637 580 ipsc
661 500 788 571 admisit,
812 520 870 581 quo
893 521 941 562 mc
964 504 1123 571 conteram,
1147 503 1224 563 mili-

55 584 119 647 1111
145 587 195 645 cui
219 592 307 663 caput
329 604 427 647 mcum
450 586 588 647 credam?
630 586 792 664 Equitatui,
817 587 944 666 optimae
967 589 1114 647 exercitus
1136 590 1223 667 parti,

55 668 247 751 principibus
268 668 468 732 nobilissimae
490 673 660 741 iuventutis,
685 689 776 731 unum
800 671 944 749 praefeci:
972 670 1107 739 salutem.
1130 690 1224 751 spem,

56 756 215 817 victoriam
244 773 340 815 meam
368 756 435 816 lidei
467 757 541 821 cius,
557 755 724 833 tutelaeque
753 757 898 817 commisi.
943 756 1060 816 Patrem
1088 759 1118 816 in
1147 757 1225 817 idem
1243 765 1276 813 22

57 840 221 918 fastigium,
251 841 282 900 in
311 857 369 919 quo
400 858 447 901 me
468 842 525 920 ipsi
546 843 701 919 posuistis,
731 839 860 901 admovi:
889 841 1032 909 Mediam,
1061 858 1118 919 qua
1146 840 1226 902 nulla

57 922 229 1004 opulentior
250 925 334 1002 regio
357 933 410 995 est,
435 931 464 984 et
486 932 528 985 tot
550 926 657 986 civium
679 928 888 1002 sociorumque
912 924 990 986 milia
1012 925 1226 1003 imperioeius

55 1010 231 1087 dicionique
253 1008 376 1070 subieci.
422 1008 506 1071 Unde
534 1009 714 1088 praesidium
738 1011 897 1089 petieram,
927 1008 1092 1089 periculum
1121 1011 1224 1071 extitit.

56 1094 154 1167 Quam
175 1092 304 1156 lelicitcr
326 1094 355 1154 in
377 1094 441 1154 acie
463 1094 646 1164 occidissem,
671 1095 768 1172 potius
789 1093 882 1155 bostis
904 1094 1025 1173 praeda,
1049 1111 1138 1173 quam
1156 1095 1225 1155 civis
1243 1102 1276 1151 23

57 1178 192 1241 1111111111
238 1177 323 1238 Nunc
346 1186 477 1239 serratus
500 1197 536 1239 ex
559 1177 710 1259 periculis,
733 1197 807 1257 quae
830 1178 892 1239 sola
915 1180 1007 1248 timui,
1032 1181 1062 1238 in
1085 1179 1158 1238 hacc
1180 1180 1225 1239 in·

58 1263 134 1333 cidi,
162 1280 240 1341 quae
270 1264 374 1324 timere
403 1282 463 1323 non
491 1263 589 1325 debui.
641 1264 749 1324 Soletis
776 1262 936 1324 identidem
965 1281 981 1324 a
1008 1281 1070 1332 me,
1106 1261 1225 1334 milites,
1243 1271 1277 1320 24

56 1356 171 1429 petere,
196 1354 229 1408 ut
251 1346 337 1408 saluti
359 1365 443 1408 meae
465 1366 594 1427 parcam.
639 1348 699 1428 lpsi
721 1348 794 1408 mibi
816 1358 968 1428 praestare
991 1349 1123 1426 potestis,
1147 1349 1225 1427 quod

10 1482 12 1487 .
59 1433 204 1503 suadetis,
227 1439 260 1492 ut
280 1434 396 1493 inciam.
440 1433 483 1493 dd
506 1442 620 1494 vestras
642 1450 760 1501 manus,
790 1432 825 1493 ad
849 1440 944 1494 vestra
967 1450 1049 1493 arma
1072 1433 1225 1510 coniugio:

55 1517 158 1579 inritis
179 1515 263 1576 vobis
285 1515 384 1578 salvus
399 1535 464 1578 esse
480 1519 561 1579 nolo:
585 1516 752 1579 volentibus
768 1536 827 1578 non
843 1535 972 1595 possum,
996 1519 1051 1578 nisi
1068 1518 1226 1578 vindicor'.

55 1602 135 1663 Tum
158 1600 295 1662 Philotan
316 1600 450 1680 religatis
473 1611 539 1682 post
561 1601 840 1680 tergummanibus
867 1601 999 1663 obsoleto
1028 1600 1155 1663 amiculo
1179 1621 1227 1661 ve·
1245 1610 1278 1659 25

55 1685 152 1749 latum
173 1687 259 1747 iussit
280 1686 390 1747 induci.
434 1685 531 1747 Facile
559 1686 734 1766 adparebat,
763 1696 859 1747 motos
887 1705 952 1748 esse
980 1695 1038 1747 tam
1067 1685 1228 1748 miserabili

55 1770 165 1833 babitu
191 1788 252 1831 non
280 1772 344 1831 sine
375 1770 482 1833 invidia
510 1771 598 1849 paulo
627 1779 696 1832 ante
731 1773 891 1849 conspecti.
942 1772 1053 1832 Ducem
1081 1773 1227 1850 equitatus
1245 1779 1278 1829 26

55 1854 161 1937 pridie
186 1854 334 1930 viderant,
365 1856 500 1917 sciebant
533 1858 614 1932 regis
647 1856 817 1917 interfuisse
851 1857 999 1917 convivio:
1035 1865 1160 1934 repente
1188 1873 1227 1915 ne

55 1958 151 2001 reum
181 1939 314 2018 quidem,
349 1939 401 2001 scd
434 1943 492 2001 iam
523 1940 708 2008 damnatum,
742 1942 834 2000 immo
867 1942 997 2000 vinctum
1024 1938 1225 2000 intuebantur.

57 2022 187 2086 Subibat
211 2027 326 2085 animos
349 2025 553 2086 Parmenionis
576 2043 707 2104 quoque,
742 2025 815 2084 tanti
839 2024 935 2092 ducis,
966 2032 1024 2084 tarn
1047 2024 1120 2084 clari
1143 2026 1225 2099 civis,
1244 2032 1277 2080 21

56 2110 188 2178 fortuna,
211 2110 262 2188 qui
284 2110 372 2169 modo
396 2109 511 2170 duobus
533 2108 608 2178 liliis,
632 2109 760 2169 Hectore
781 2126 815 2168 ac
831 2108 992 2184 Nicanore,
1015 2107 1137 2168 orbatus
1160 2126 1228 2169 curn

59 2212 105 2264 co,
129 2211 217 2274 quem
241 2193 390 2273 reliquum
413 2193 561 2255 calamitas
584 2195 710 2262 lecerat,
735 2192 841 2254 absens
863 2193 977 2254 diceret
999 2210 1127 2254 causam.
1172 2193 1227 2253 lta·
1245 2199 1279 2250 28

63 2294 120 2355 que
139 2284 290 2357 Amyntas,
313 2280 413 2356 regius
435 2287 563 2358 praetor,
586 2278 776 2340 inclinantem
800 2276 834 2337 ad
858 2278 1093 2338 misericordiam
1116 2279 1228 2338 contio·

63 2380 130 2424 nem
156 2381 262 2423 rursus
290 2381 394 2441 aspera
423 2365 454 2423 in
482 2363 617 2424 Philotan
645 2364 777 2424 oratione
807 2364 977 2424 commorit:
1011 2362 1143 2442 proditos
1177 2381 1228 2423 eos

61 2464 125 2509 esse
148 2445 299 2508 barbaris:
328 2449 477 2510 neminem
505 2449 540 2509 ad
570 2450 727 2526 coniugem
755 2465 838 2508 suam
866 2450 896 2507 in
920 2448 1045 2525 patriam
1068 2456 1098 2507 ct
1120 2447 1156 2508 ad
1177 2465 1228 2527 pa-

59 2540 163 2595 rentes
184 2531 277 2592 luisse
299 2532 479 2594 rediturum:
509 2532 589 2593 velut
609 2541 750 2593 truncum
774 2548 883 2611 corpus
905 2531 1023 2610 dempto
1047 2534 1141 2611 capite
1164 2533 1227 2591 sine

60 2618 183 2697 spiritu,
207 2618 271 2677 sine
293 2619 412 2678 nornine
442 2616 537 2678 aliena
559 2625 640 2677 terra
661 2616 823 2677 ludibrium
845 2614 938 2675 hostis
959 2617 1084 2676 loturos.
1129 2614 1227 2675 Haud·
1246 2621 1279 2670 29

60 2718 208 2782 manuam
232 2719 360 2781 prospe
383 2703 479 2781 ipsius
500 2703 643 2781 Amyntae
666 2702 760 2760 oratio
783 2707 867 2776 grata
889 2702 953 2777 regi
975 2700 1038 2768 luit,
1062 2699 1141 2778 quod
1158 2716 1228 2758 con·

60 2788 175 2865 iugum,
200 2786 279 2864 quod
296 2789 410 2864 patriae
427 2787 590 2847 admonitos
606 2786 752 2865 pigriores
774 2783 809 2844 ad
827 2791 924 2844 cetera
941 2785 1039 2844 munia
1056 2784 1228 2863 exequenda
1265 2842 1267 2847 .

60 2968 294 3026 berabsetztc.
331 2969 622 3037 1111111111111
673 2969 833 3023 damnatus.
870 2965 928 3033 Vgl.
948 2983 984 3022 ne
1001 2990 1034 2998 -
1052 2967 1163 3034 quidem

60 3038 132 3094 mibi
148 3058 184 3084 =
200 3037 269 3094 milti
288 3038 420 3093 videntur
438 3038 566 3092 sordida.
673 3036 725 3091 real
741 3037 766 3087 8.
786 3039 808 3089 1.
826 3038 873 3098 44;
893 3035 945 3091 llic.
963 3034 1032 3091 Phil.
1052 3039 1091 3091 13.
1109 3040 1150 3088 43.

241 3157 275 3169 ..
715 3107 756 3157 27.
797 3102 935 3158 subibat
971 3125 1004 3145 =
1038 3101 1228 3166 beschlich,

94 3160 137 3209 21.
156 3154 200 3210 Id
215 3171 245 3211 si
263 3170 346 3222 ipse.
375 3154 443 3221 Ipse
462 3155 510 3211 das
528 3153 624 3211 scharl
673 3170 830 3226 fiberpam
849 3171 903 3226 wie
920 3176 945 3223 3.
959 3174 983 3226 2,
997 3175 1043 3238 193
1062 3173 1086 3224 5,
1100 3175 1177 3226 111,
1196 3200 1229 3209 -

59 3222 177 3303 betonte
196 3229 265 3279 ‘er’
283 3223 338 3279 wie
356 3222 419 3288 822
436 3225 494 3290 ipsi
510 3246 543 3266 =
561 3223 621 3278 ihr.
673 3238 825 3295 Hectore
844 3256 866 3294 s.
883 3242 907 3290 4.
925 3243 949 3294 8,
963 3242 991 3302 t;
1009 3239 1155 3294 Nicanore
1168 3257 1190 3294 s.
1203 3243 1228 3292 6.

60 3290 114 3349 llcr
136 3290 199 3346 bter
220 3289 453 3346 vorschwebende
472 3290 622 3358 Gegensatz
673 3309 756 3362 6.18.
779 3335 813 3343 -
834 3307 967 3362 diceret
984 3322 1138 3368 caucam,
1161 3307 1228 3368 hier,

60 3358 98 3415 itt
115 3358 221 3425 vultus
238 3358 364 3413 millium·
672 3374 726 3428 wic
750 3373 791 3429 olt
813 3391 878 3436 aw.,
906 3391 959 3429 nur
982 3373 1067 3429 soviel
1090 3375 1157 3428 wie:
1182 3390 1229 3428 ac·

94 3481 138 3533 29·
157 3478 228 3544 t'12⁸²'
242 3478 426 3543 nocuistis.
449 3472 621 3530 lleineleere
672 3448 789 3565 ξ”ἓίόως
816 3446 900 3497 33361·
937 3441 1042 3496 Anders
1062 3438 1079 3507 b
1097 3444 1130 3492 31
1153 3457 1180 3494 u·
1204 3445 1228 3492 7.

59 3542 167 3601 Phr³S⁰
190 3562 212 3600 ⁸·
231 3548 255 3596 4·
275 3548 298 3600 ⁷·
316 3549 356 3599 31.
392 3543 438 3598 Die
456 3542 621 3608 Aendefflng
706 3580 747 3632 28.
764 3582 953 3644 praetor=
965 3575 1039 3635 duic,
1050 3573 1229 3640 praefectus.

59 3615 157 3681 imm
175 3612 283 3667 schem
301 3611 444 3678 unnfithig'
672 3645 966 3704 -inclinantem,
989 3642 1043 3696 wie
1063 3644 1094 3696 in
1111 3644 1230 3710 stirpem

94 3718 138 3772 23,
158 3729 225 3769 nan
243 3713 356 3776 debui,
374 3710 439 3767 weil
455 3712 498 3767 ein
511 3710 622 3766 solcher
674 3713 783 3778 rapiam
809 3711 984 3766 inclinavere
1011 3709 1115 3765 studiis
1143 3714 1182 3766 10.
1205 3716 1228 3766 7.

60 3782 202 3839 Verdacbt
214 3779 254 3837 als
267 3781 447 3847 unwrirdig
460 3779 621 3835 ersoheinen
674 3784 714 3835 12.
735 3778 825 3834 Andre
844 3776 1027 3855 11111111111111.Ι
1043 3776 1131 3854 haben
1149 3778 1229 3832 ineli-

61 3858 177 3907 musste.
673 3854 777 3902 natam.
807 3874 839 3882 —
867 3860 937 3907 eos,
956 3861 1029 3896 1111111
1048 3859 1164 3897 ovaccra
1179 3844 1228 3924 be·

95 3955 138 4008 2⁶·
161 3949 314 4007 tertium
341 3948 395 4004 11
421 3953 445 4005 ⁸·
468 3953 500 4001 ²2
529 3951 621 4016 111
673 3911 1069 4037 llililt³¹¹lnllllll⁸llt
1086 3927 1229 4035 ‘atilli

62 4020 166 4077 mam·
674 4000 712 4104 ist:
723 4049 772 4103 der
784 4023 960 4113 tte'tdengeist
977 4045 1032 4102 und
1046 4019 1229 4102 Heldenname

96 4126 138 4176 26.
158 4134 199 4176 ne
218 4135 312 4176 reum
330 4118 499 4186 qnidamd.
510 4118 537 4174 h.
547 4118 622 4173 nicht
674 4114 847 4170 Alexandcrs.
891 4114 1036 4181 futuros
1062 4130 1099 4170 sc.
1127 4114 1229 4180 fnisse,

67 4188 164 4247 11111111
183 4187 225 4243 als
243 4187 323 4242 einen
346 4187 380 4240 in
402 4184 495 4241 Forrn
513 4186 621 4242 111111-
674 4183 728 4237 wie
746 4182 846 4237 vorher
857 4181 952 4250 fnisse
964 4183 1125 4238 rediturum
1144 4180 1229 4249 (nam-

65 4261 154 4314 ten’s
174 4252 418 4322 nngenlagten.
453 4252 622 4309 llcnnseine
674 4250 729 4306 lich
757 4252 814 4306 nisi
833 4250 962 4307 Philotae
989 4252 1148 4307 coniuratio
1178 4251 1226 4306 de·

66 4330 179 4382 iussere
197 4320 387 4388 llrscheinung
406 4336 466 4377 war
482 4321 527 4377 die
548 4321 623 4376 eines
672 4318 818 4387 prebensa
830 4317 925 4388 essct).

1274 4376 1316 4504 Δ
