2752 4776
585 258 618 319 q.
641 257 744 306 cunm
765 258 847 306 reurr

639 465 716 527 Car.
738 464 788 526 lli.

98 603 112 650 1
220 582 264 644 Ne
280 583 322 644 sic
338 584 457 659 quidem
473 581 526 644 ulli
541 582 665 645 militum
682 603 737 644 uox
752 585 879 662 exprimi
893 586 998 663 potuit.
1028 574 1248 665 Eipectabant
1263 594 1291 647 ut

136 669 228 729 duces
250 669 460 746 principesque
486 669 522 729 ad
551 686 652 746 regem
681 669 865 747 perterrent,
894 667 1070 730 vulneribus
1098 680 1131 731 et
1159 672 1290 731 continuo

134 751 238 814 labore
260 752 380 813 militiae
401 752 538 831 fatigatos
559 771 619 813 non
648 753 814 815 detrectare
836 756 952 821 munia,
981 754 1034 815 sed
1062 755 1211 817 sustinere
1236 774 1288 816 nor

99 856 232 918 aposse.
276 838 414 898 Ceterum
431 836 476 898 illi
499 846 579 898 metu
596 840 714 899 attoniti
737 839 765 897 in
788 848 901 898 terram
917 855 968 898 ora
991 839 1168 901 defixerant.
1204 840 1290 919 lgitur

132 924 228 1003 primo
252 922 387 982 fremitus
401 940 453 982 sua
469 931 588 1002 sponte,
611 922 718 983 deinde
740 925 866 1001 gemitus
889 940 1006 1002 quoque
1023 924 1121 985 oritur
1143 923 1285 1002 paulatim·

132 1024 189 1086 que
212 1006 334 1067 liberius
367 1005 452 1066 dolor
475 1009 549 1084 erigi
577 1009 674 1086 coepit
697 1007 887 1068 manantibus
908 1007 1054 1079 lacrimis,
1088 1008 1167 1069 adeo
1190 1016 1220 1069 ut
1236 1024 1283 1071 rex

131 1095 175 1152 ira
199 1092 229 1151 in
257 1090 493 1152 misericordiam
520 1108 604 1152 versa
633 1110 669 1151 ne
696 1094 761 1170 ipse
790 1092 926 1172 quidem,
955 1110 1136 1173 quamquam
1165 1100 1280 1173 cuperet,

96 1186 298 1255 etemperare
334 1175 427 1236 oculis
463 1177 601 1255 potuerit.
655 1176 787 1237 Tandem
822 1178 959 1237 universa
998 1181 1141 1239 contione
1175 1178 1317 1243 enudata

129 1261 220 1322 ilente
243 1260 358 1321 Coenus
379 1279 469 1321 ausus
490 1269 535 1321 est
557 1260 764 1322 cunctantibus
787 1263 893 1322 ceteris
915 1265 1039 1341 propius
1061 1262 1194 1324 tribunal
1209 1278 1280 1325 acta·

95 1345 216 1415 adera,
240 1345 411 1423 significans
432 1363 464 1405 se
486 1343 568 1424 loqui
590 1344 674 1405 selle.
718 1344 812 1416 Quem
835 1354 868 1406 ut
882 1347 984 1407 ridere
1005 1346 1117 1409 milites
1140 1346 1283 1409 detrahen-

130 1438 191 1490 tem
215 1428 328 1507 galeam
351 1431 441 1507 capiti
466 1464 501 1474 —
526 1433 565 1491 ita
595 1432 674 1491 enim
695 1448 797 1508 rogam
821 1431 938 1508 adloqui
959 1449 1024 1491 mos
1053 1442 1098 1493 est
1119 1466 1164 1479 -
1184 1431 1283 1493 hortari

95 1520 311 1592 acceperunt,
339 1521 372 1574 ut
393 1531 512 1574 causam
543 1515 692 1575 exercitus
719 1524 831 1592 ageret.
874 1515 950 1576 Tum
979 1513 1112 1588 Coenus,
1143 1516 1201 1579 ‘uir
1224 1534 1283 1597 pro·

130 1597 276 1671 hibeant’,
314 1598 423 1674 inquit,
458 1602 485 1659 ‘a
513 1598 599 1659 nobis
621 1600 718 1678 inpias
740 1609 869 1660 mentes:
904 1608 934 1660 et
959 1601 1095 1679 prolecto
1124 1600 1283 1682 proliilrcnt

129 1682 211 1742 ldem
235 1684 352 1744 animus
367 1690 413 1744 est
434 1685 508 1752 tuis,
531 1686 582 1763 qui
597 1683 651 1744 luit
671 1701 803 1763 semper,
825 1686 887 1758 ire,
911 1703 970 1762 quo
991 1685 1129 1757 iusseris,
1152 1704 1283 1766 pugnare,

130 1765 309 1846 periclitari,
340 1769 484 1846 sanguine
513 1776 615 1829 nostro
637 1767 847 1830 commendare
873 1771 1039 1847 posteritati
1067 1778 1153 1831 tuum
1175 1786 1284 1833 nomen

129 1848 259 1913 Proinde
275 1855 302 1913 si
317 1869 502 1933 perseveras,
525 1853 655 1914 inermes
677 1870 795 1932 quoque
810 1861 840 1914 et
854 1853 926 1913 nudi
947 1861 977 1915 et
992 1872 1157 1933 exangues,
1181 1863 1283 1917 uicum·

95 1952 190 2014 oque
211 1935 266 1997 tihi
288 1938 370 1998 cordi
393 1945 453 2009 est,
483 1940 637 2017 sequimur
659 1937 704 1997 rel
727 1938 937 1999 antecedimus.
981 1938 1040 2000 Sed
1062 1942 1088 2000 si
1117 1941 1222 2001 audire
1246 1940 1280 2000 ris

128 2039 190 2082 non
212 2022 296 2083 lictas
318 2030 437 2083 tuorum
460 2021 585 2084 militum
610 2040 711 2092 voces,
735 2040 837 2084 rerum
860 2024 1038 2084 necessitate
1054 2022 1159 2085 ultima
1174 2040 1283 2105 exprae-

128 2124 193 2174 sas,
228 2105 356 2186 praebe,
391 2124 517 2185 quaeso,
549 2109 693 2187 propitias
715 2125 802 2168 aures
824 2108 981 2186 imperium
1013 2114 1102 2187 atque
1127 2112 1284 2189 auspicium

127 2200 210 2251 turim
247 2194 485 2253 constantissime
522 2194 634 2253 secutis
672 2200 717 2262 et,
758 2209 943 2272 quocumque
981 2195 1096 2270 pergis,
1134 2194 1282 2256 secutoris

126 2275 244 2342 Viristi,
268 2293 334 2343 rex,
351 2276 552 2353 magnitudine
568 2294 668 2336 rerum
684 2295 742 2336 non
758 2276 858 2337 hostes
873 2276 975 2346 modo,
999 2278 1052 2337 sed
1069 2278 1158 2339 etiam
1172 2278 1282 2340 militae.

128 2359 276 2437 Qaridquid
306 2359 467 2421 mortalitas
495 2379 602 2439 capere
632 2370 761 2440 poterat,
794 2360 980 2439 implevimus.
1030 2361 1169 2424 Emensis
1201 2364 1283 2424 maria

125 2451 280 2522 terrasque
303 2444 408 2506 melius
430 2443 515 2505 nobis
538 2463 625 2525 quam
655 2444 759 2506 incolis
788 2447 885 2505 omnia
914 2455 982 2506 nota
1011 2454 1089 2508 sunt.
1135 2447 1231 2510 Paene
1255 2448 1282 2507 in

127 2676 162 2733 So
187 2676 286 2733 ultim
310 2677 458 2734 lrildlichen
482 2679 573 2734 Sinne:
600 2680 681 2734 locus

124 2748 169 2800 rei
186 2748 268 2811 (aon)
287 2755 341 2827 est,
364 2747 455 2803 locam
472 2748 572 2826 facere
592 2747 680 2826 (sipi),

122 2830 270 2945 §aggere
307 2813 394 2869 leber
412 2815 463 2870 deu
482 2815 557 2870 nata
576 2833 598 2871 s.
612 2814 680 2869 Eml.

339 3017 402 3074 Car,
421 3015 467 3069 ΠΙ.

156 3121 178 3169 t.
199 3115 354 3171 Ceterum
374 3117 429 3171 illi
445 3140 479 3160 =
500 3113 540 3169 Oi
551 3113 593 3172 δέ.
620 3117 679 3185 Vgl.

120 3181 294 3317 lllssagllleit'
321 3183 339 3248 8
357 3188 390 3235 47
405 3202 419 3238 a
437 3183 506 3238 iiber
529 3192 679 3241 ceteram

152 3339 177 3389 2.
195 3335 361 3400 liberius,
385 3336 440 3391 wie
462 3336 579 3391 liberior
598 3337 679 3392 dolor

119 3406 143 3459 6.
162 3408 186 3458 2.
203 3406 233 3467 4;
253 3405 327 3470 eripi
348 3404 402 3458 wie
420 3406 531 3470 eripere
554 3407 678 3460 animum

119 3470 246 3538 (degens.
263 3471 402 3540 franaere
421 3472 567 3537 animum).
597 3473 676 3528 Sinn:

119 3540 162 3594 ihr
185 3538 314 3595 Ilummer
337 3540 434 3594 warde
457 3540 551 3594 immer
578 3557 677 3595 unver-

119 3607 244 3662 lraltener
270 3607 341 3672 laut,
374 3623 490 3674 gewann
516 3609 595 3663 mehr
621 3609 677 3662 und

118 3675 197 3728 mehr
217 3674 306 3738 lluth,
335 3675 393 3731 sich
415 3676 474 3731 laut
497 3693 531 3730 zu
554 3680 677 3731 iussero.

126 3748 359 3809 -temperare
377 3744 676 3806 ocrriis=lacrimis‚

118 3812 179 3865 eine
198 3809 356 3867 livianische
374 3810 484 3866 Phrase.

150 3900 174 3950 3.
201 3893 340 3952 Coenus.
381 3895 458 3950 Auch
484 3896 581 3950 Arrian
608 3894 676 3951 lasst

117 3962 210 4018 diesen
223 3960 263 4017 als
284 3962 427 4030 muthigen
437 3963 614 4018 Wortlirhrer
627 3963 674 4018 des

116 4029 217 4085 Heeres
237 4030 297 4086 eine
315 4030 426 4097 tangere
438 4030 509 4085 Rede
528 4031 628 4087 halten.
642 4059 674 4068 —

113 4100 268 4164 propias.
314 4097 422 4153 Ebenso
452 4099 501 4153 mit
537 4115 591 4155 acc.
631 4099 674 4154 bei

117 4167 256 4222 accedere
273 4169 297 4221 4.
317 4169 357 4222 14.
374 4170 416 4221 24.

148 4253 174 4303 4.
192 4265 261 4307 mos
279 4254 338 4305 est.
372 4248 460 4306 Ueber
478 4250 525 4306 das
543 4267 632 4319 praes.
651 4267 673 4307 s.

108 4314 181 4373 Einl.
198 4317 220 4383 S
236 4323 267 4373 31
281 4334 305 4374 a.

766 2682 791 2734 5.
809 2685 938 2736 mentes
960 2703 994 2724 =
1018 2679 1207 2745 Gedanlren,
1229 2680 1281 2735 Ge·

733 2747 934 2814 sinnungen.
975 2747 1011 2803 So
1038 2756 1149 2804 mentes
1174 2762 1281 2804 sensar-

732 2829 799 2881 qae,
818 2813 871 2868 Cic.
891 2814 966 2873 Catil.
980 2820 1003 2870 1.
1018 2819 1058 2872 17.
1093 2816 1145 2872 lias
1164 2814 1280 2882 loigeudc

731 2885 788 2937 tais
815 2881 959 2938 chersone
987 2889 1065 2946 ‘uus,
1091 2884 1145 2940 den
1170 2884 1280 2943 Deinen’.

731 2950 765 3006 da
783 2955 881 3005 nostro
899 2949 978 3018 lolgt.
991 2978 1024 2988 —
1041 2952 1279 3007 commendare.

731 3018 807 3072 Auch
837 3017 930 3073 Cicero
960 3028 1035 3085 sagt:
1067 3035 1164 3075 comm.
1190 3032 1278 3074 nomen

730 3101 813 3141 saura
842 3087 1054 3142 immortalitati.
1082 3114 1117 3124 —
1142 3099 1276 3153 perse·

731 3168 848 3218 aeras,
875 3151 962 3210 absol.
980 3170 1018 3210 sc.
1040 3157 1071 3210 in
1094 3156 1205 3222 incepta
1225 3161 1278 3212 tuor

731 3220 832 3275 ehenso
856 3226 881 3276 4.
904 3226 927 3274 3.
952 3225 997 3283 11;
1024 3226 1048 3276 5.
1073 3225 1098 3278 9.
1117 3226 1149 3274 10
1168 3239 1195 3277 u.
1213 3224 1276 3277 d.-

731 3289 784 3343 oel
799 3311 833 3330 =
851 3288 895 3347 ael
911 3289 1003 3344 ctiam.
1038 3289 1098 3356 Vgl.
1115 3289 1242 3356 dirigens
1255 3288 1276 3339 t.

732 3360 763 3408 17
781 3356 963 3422 sequentibus
982 3394 1030 3412 ...
1050 3359 1251 3413 antecedentes.

764 3469 787 3521 6.
816 3465 927 3534 fictas
957 3489 990 3509 =
1020 3465 1069 3522 aui
1100 3467 1162 3523 eine
1194 3466 1275 3522 blosse

729 3533 887 3588 Riihrscene
909 3532 1069 3597 berechnet,
1097 3531 1273 3591 heuchlen’sclr

729 3601 785 3655 und
808 3600 993 3657 iubertrieben.
1011 3631 1044 3640 -
1090 3606 1196 3670 arpis.
1231 3600 1273 3678 llas

728 3667 844 3724 Priscus
874 3668 950 3735 gieht
975 3669 1036 3725 dem
1082 3669 1203 3725 edanlren
1224 3680 1274 3722 erue

729 3734 903 3802 allgemeine,
922 3735 971 3793 aul
986 3736 1040 3791 alle
1056 3736 1149 3793 Zeiten
1168 3737 1223 3792 sich
1238 3748 1272 3788 er·

728 3802 891 3859 streckende
907 3801 1039 3872 Fassuug.

761 3917 784 3968 7.
802 3911 943 3976 milites.
973 3912 1097 3969 insolern
1124 3914 1197 3969 diese
1221 3911 1270 3967 dem

726 3978 812 4048 Fluge
830 3980 923 4036 deines
943 3981 1048 4037 Geistes
1066 3981 1143 4038 nicht
1156 3981 1230 4037 mehr
1243 3990 1270 4031 au

726 4047 820 4114 loigen
832 4052 989 4116 vermigen.
1019 4048 1181 4105 Uebersetze
1198 4055 1269 4102 elwa:

726 4115 773 4169 ‘du
804 4115 865 4170 hast
898 4116 1013 4171 mirrhe
1048 4117 1219 4184 gemaene.
1244 4136 1269 4149 -

725 4183 923 4239 mortalitas
952 4207 987 4228 =
1022 4191 1128 4241 natura
1158 4184 1269 4239 lamara

725 4251 780 4306 wie
805 4254 830 4309 5.
852 4254 877 4304 5.
901 4256 945 4315 17;
973 4255 998 4308 8.
1023 4256 1049 4304 4.
1075 4256 1117 4305 24.
1159 4245 1270 4306 dieselbc

724 4317 825 4375 Phrase
843 4319 913 4375 auch
932 4323 972 4372 10.
991 4322 1016 4375 5.
1033 4323 1075 4376 36.
