2752 4776
88 292 130 356 70
531 294 565 356 1.
583 286 802 348 1111111111

89 465 166 541 quit,
191 467 321 541 ‘semper
344 462 463 543 quidem
485 463 608 542 spiritus
630 481 714 524 meus
737 480 773 523 ex
789 470 818 523 te
833 463 988 542 pependit,
1011 463 1064 525 sed
1079 480 1161 525 nunc
1176 483 1256 536 vere,

38 548 69 597 11
88 547 231 614 arbitror,
261 565 346 607 sacro
370 556 399 608 et
419 546 584 609 venerabili
606 565 659 608 ore
681 554 733 609 tuo
761 545 899 609 trahitur.
944 546 1064 610 Crimen
1092 547 1255 627 parricidii,

88 632 166 710 quod
189 631 261 692 mihi
283 631 432 694 obiectum
461 640 521 702 est,
549 638 600 693 tua
628 630 707 693 salus
734 630 846 693 diluet:
881 638 1013 695 servatus
1041 650 1058 693 a
1089 651 1138 694 me
1166 635 1256 695 vitam

86 715 161 777 mibi
183 715 311 777 dederis.
355 716 416 777 Oro
438 734 623 797 quaesoque,
648 717 759 777 omisso
781 723 861 778 metu
879 725 982 796 patere
1002 715 1255 779 medicamentum

87 802 205 880 concipi
226 801 322 861 venis:
352 799 417 861 laxa
439 800 591 881 paulisper
613 802 760 871 animum,
795 817 883 877 quem
912 801 1118 881 intempestiva
1147 800 1257 864 sollici-

88 884 191 946 tudine
213 886 301 947 amici
321 903 393 946 sane
414 884 533 955 fideles,
556 884 609 946 sed
631 882 755 946 moleste
778 883 873 945 seduli
895 884 1038 947 turbant.’
1082 886 1149 948 Non
1172 904 1258 947 secu·-

86 986 152 1029 rum
176 969 264 1030 modo
286 968 361 1031 haee
382 988 454 1041 vox,
483 970 535 1031 sed
563 971 650 1031 etiam
678 968 789 1030 laetum
817 986 920 1047 regem
947 987 982 1030 ac
1010 969 1132 1048 plenum
1162 969 1258 1033 bonae

37 1071 69 1121 11
86 1055 150 1134 spei
177 1055 256 1115 lecit.
302 1054 418 1131 ltaque:
453 1054 498 1116 ‘Si
525 1052 578 1122 di’,
617 1055 728 1131 inquit,
763 1052 927 1133 ‘Philippm
960 1053 1014 1115 tibi
1040 1055 1257 1133 permishsent,

87 1155 146 1216 quo
169 1140 296 1200 maxime
318 1138 407 1200 modo
430 1137 537 1209 velles,
566 1139 699 1199 animum
727 1139 859 1216 experiri
886 1156 1003 1208 meum,
1036 1139 1093 1199 alio
1120 1139 1259 1218 prolecto

86 1221 243 1292 voluisses,
278 1221 331 1283 sed
359 1224 502 1293 certiore,
536 1241 624 1303 quam
652 1228 791 1301 expertus
814 1238 861 1292 11,
896 1240 935 1283 11
963 1228 1098 1302 optasses
1126 1222 1258 1301 quidem.

86 1307 149 1367 llac
172 1304 296 1385 epistola
324 1315 445 1387 accepta
471 1315 587 1378 tamen,
618 1307 696 1387 quod
719 1306 863 1376 dilueras,
887 1304 967 1367 hihi:
1003 1314 1032 1366 11
1060 1324 1141 1368 nunc
1168 1307 1260 1369 crede

86 1408 135 1450 me
157 1407 218 1450 non
241 1391 339 1451 minus
362 1408 417 1468 pro
440 1400 489 1453 tua
510 1392 568 1452 tide
590 1409 679 1470 quam
701 1407 756 1469 pro
778 1408 845 1451 mea
867 1391 961 1453 salute
984 1408 1049 1452 esse
1070 1389 1258 1458 sollicitum.’

37 1486 70 1536 13
86 1472 168 1535 Haec
180 1473 314 1536 elocutus
325 1474 460 1536 dextram
482 1475 619 1556 Philippo
641 1475 737 1536 ollert.
783 1475 921 1537 Ceterum
951 1482 1031 1536 tanta
1052 1477 1097 1536 vis
1123 1476 1255 1537 medica·
1269 1470 1308 1537 16

88 1558 343 1629 minutulum,
368 1577 444 1639 quae
466 1568 567 1622 secuta
589 1567 672 1630 sunt,
695 1559 932 1621 criminationem
948 1558 1154 1621 Parmenionis
1175 1559 1259 1622 adiu·

37 1655 71 1704 14
88 1643 194 1704 verint.
239 1642 422 1705 luterclusus
444 1645 566 1721 spiritus
588 1653 652 1706 arte
668 1642 795 1705 meabat.
826 1643 887 1705 Nec
916 1642 1070 1724 Philippus
1098 1645 1260 1724 quicquam

87 1727 275 1804 inexpertum
303 1729 416 1788 omisit:
453 1728 504 1789 ille
532 1728 662 1790 tomenta
691 1729 811 1807 corpori
838 1726 984 1798 admovit,
1016 1727 1067 1789 ille
1088 1735 1262 1808 torpentem

37 1823 70 1874 to
87 1829 168 1872 nuuc
196 1811 270 1881 cibi,
303 1829 383 1873 nunc
411 1814 471 1874 u'ni
499 1812 590 1874 odore
619 1813 762 1874 excitavit.
807 1812 902 1891 litque
929 1820 964 1874 ut
990 1813 1122 1890 primum
1150 1814 1261 1875 mentis

88 1903 255 1975 compotem
278 1914 343 1958 esse
366 1899 470 1968 sensit,
494 1897 583 1958 modo
607 1898 710 1959 matris
732 1912 944 1975 sororumque,
968 1896 1058 1957 modo
1081 1903 1180 1959 tantae
1200 1898 1260 1958 vic·

36 1983 69 2033 16
86 1981 180 2042 toriae
202 1979 465 2062 adpropinquantis
487 1983 648 2044 admouere
669 1999 730 2044 non
753 1981 874 2042 destitit.
912 1980 1260 2043 [1111111111-

86 2072 148 2126 tum
172 2084 205 2126 se
227 2064 342 2126 diffudit
363 2067 395 2127 in
422 2085 512 2128 venas
542 2074 571 2128 et
598 2067 710 2129 sensim
732 2071 794 2126 toto
816 2082 943 2143 corpore
966 2063 1123 2126 salubritas
1143 2065 1261 2145 percipi

86 2151 201 2228 potuit,
224 2150 355 2229 primum
377 2153 493 2213 animus
514 2154 647 2230 vigorem
668 2168 769 2219 suum,
799 2148 908 2210 deinde
930 2167 1040 2228 eorpus
1063 2166 1185 2230 quoque
1206 2167 1259 2211 er·

86 2235 254 2311 pectatione
276 2236 421 2296 maturius
441 2237 641 2314 recuperavit:
671 2235 782 2314 quippe
804 2240 871 2312 post
900 2235 1021 2294 tertium
1045 2233 1139 2304 diem,
1169 2250 1261 2315 quam

39 2319 119 2377 1111
142 2317 198 2378 hoc
226 2327 305 2380 statu
334 2319 445 2389 luerat,
480 2322 512 2380 in
539 2325 732 2398 conspectum
764 2316 891 2379 militum
921 2319 1010 2379 venit.
1054 2317 1116 2380 Nec
1146 2317 1261 2380 avidius

87 2403 186 2481 ipsum
207 2420 309 2482 regem
332 2421 421 2482 quam
443 2402 612 2483 Philippum
634 2400 805 2463 intuebatur
821 2403 986 2464 exercitus:
1011 2420 1066 2481 pro
1082 2420 1115 2463 se
1131 2403 1262 2481 quisque

89 2485 222 2548 dextram
245 2489 308 2548 eius
330 2487 459 2569 amplexi
481 2497 580 2565 grates
600 2486 751 2550 habebant
765 2485 846 2548 velut
859 2485 1008 2564 praesenti
1024 2484 1090 2547 deo.
1122 2486 1261 2565 Namque

120 2692 162 2743 10.
187 2690 338 2755 spiritus
362 2705 455 2746 meus
477 2697 528 2746 eto.
564 2689 646 2745 Sinu:
699 2685 1263 2754 111,1911111111111111111111111

87 2754 647 2824 ’1111111111111110111111111111111
698 2755 775 2811 nieht
791 2752 944 2809 wdnschen
961 2751 1078 2809 hdnnan.
1095 2781 1129 2791 -
1145 2754 1262 2811 dilue-

86 2823 152 2878 aher
172 2824 258 2888 ltingt
279 2839 309 2878 er
328 2838 397 2890 ganz
415 2823 562 2890 uigentlich
584 2839 646 2880 vom
698 2837 773 2887 rac,
786 2820 913 2876 medicin.
927 2827 982 2885 1.1.,
994 2820 1049 2876 wie
1061 2820 1131 2876 auch
1144 2836 1263 2879 sumere

86 2888 296 2944 Hauchodeines
308 2889 581 2947 erbahenenllundes
591 2890 645 2947 ah)
698 2887 726 2957 S.
738 2895 754 2942 3
766 2888 823 2944 und
834 2887 913 2943 wohl
928 2887 999 2944 auch
1016 2888 1174 2944 remedium
1186 2894 1263 2946 stre·

85 2955 134 3011 Die
151 2971 237 3021 ganzo
249 2956 397 3024 Weudung
413 2957 449 3012 ist
467 2959 572 3024 geziert
589 2956 647 3013 und
699 2973 799 3019 nuum,
812 2955 919 3012 lentum
931 2952 957 3023 S.
969 2959 994 3011 2.
1006 2959 1022 3006 5
1035 2954 1091 3011 und
1106 2959 1147 3012 13.

86 3022 131 3077 die
147 3022 313 3078 duschauun
339 3043 345 3077 :
369 3024 490 3079 ‘athmen
514 3040 563 3080 aus
585 3023 646 3080 dem
733 3028 773 3079 13.
797 3037 882 3091 quoe
906 3027 1030 3078 secuta
1053 3029 1136 3078 sunt
1161 3046 1197 3067 ==
1217 3022 1263 3080 die

84 3089 185 3144 lllunde
195 3038 389 3146 einesandern'
403 3090 479 3145 nicht
488 3090 646 3146 sonderlich
697 3092 819 3153 aichste,
836 3088 1032 3146 unmittelbarc
1047 3088 1264 3158 1111111111-

85 3157 285 3278 qqrgqaqtocihqnq.
309 3156 377 3280 11161811
395 3156 567 3280 Sinqeanelq
585 3173 646 3238 ver·
696 3157 792 3278 qelgqen
797 3200 818 3280 ἃ
819 3158 1038 3281 111ἱῖ111ξὲ1ίέ
1038 3157 1104 3278 'qrie
1116 3156 1194 3214 Caes.
1205 3157 1232 3214 b.
1239 3174 1262 3215 c.

210 3241 248 3277 s:
282 3241 307 3278 m
377 3241 448 3280 unia
495 3241 585 3292 partu
606 3242 647 3281 m·
714 3267 720 3281 .
778 3242 796 3279 o
817 3241 883 3281 iuva
906 3241 982 3292 opem
1002 3241 1022 3279 n
1067 3265 1074 3280 .

85 3306 153 3347 vere
171 3295 194 3344 9.
211 3294 235 3346 5.
252 3295 293 3346 30.
322 3293 455 3357 spiritum
475 3292 593 3348 trahere
609 3293 646 3348 ist
732 3295 773 3343 14.
792 3297 867 3348 crte
887 3292 1020 3348 meabat
1036 3309 1059 3348 s.
1075 3294 1100 3346 5.
1118 3294 1263 3348 9.-111·

85 3357 299 3414 nnchclassiscb.
698 3375 772 3426 exp.
785 3360 903 3414 omisit
913 3359 1086 3426 ἕ11111111·
1099 3358 1203 3416 ehenso
1216 3362 1262 3416 in-

121 3431 161 3481 11.
176 3426 507 3483 crimen-dederis.
524 3426 645 3482 DerSatz
696 3432 803 3481 tactum
815 3428 951 3489 omittere,
965 3431 1004 3482 11.
1018 3431 1059 3482 23.
1089 3425 1116 3482 G.
1129 3426 1178 3483 liat
1191 3426 1263 3485 viele

85 3492 122 3548 ist
143 3493 291 3550 clriastisch
315 3492 428 3560 gehaut;
454 3493 533 3549 Sinn:
559 3493 646 3550 durch
698 3493 836 3560 dernrtige
848 3492 1039 3561 Tautologien,
1051 3493 1107 3561 vgl.
1118 3511 1143 3552 z.
1156 3494 1185 3550 B.
1198 3499 1223 3552 9.
1236 3499 1260 3553 2.

85 3560 166 3616 deine
189 3560 370 3627 Genesung
393 3561 465 3616 wird
493 3561 570 3616 nicht
593 3578 647 3616 nur
697 3564 730 3612 m
743 3562 877 3617 omissum
890 3560 1061 3628 relinquere.

85 3627 253 3683 meineElrre
262 3635 390 3694 gerettet,
403 3626 646 3696 sondernleigent-
731 3632 773 3683 16.
785 3642 821 3683 se
838 3627 993 3694 diffudit
1003 3650 1037 3673 --
1050 3626 1192 3696 diffusum
1207 3635 1260 3695 est,

85 3693 141 3750 lich
158 3713 184 3751 u.
203 3694 327 3756 bildlich)
346 3694 393 3750 das
409 3693 502 3750 Leben
522 3696 575 3750 mir
591 3712 646 3751 neu
698 3691 1261 3762 111113.11-1111111111-1111111·

85 3762 238 3830 geschanht
253 3761 376 3819 werden.
405 3760 504 3818 harum
521 3762 557 3818 ist
575 3763 646 3831 ietzt
696 3763 907 3826 medicamenti,
920 3762 965 3818 die
981 3760 1123 3820 Heittratt
1134 3790 1170 3801 -
1183 3780 1261 3832 emp.

85 3848 147 3886 nur
159 3831 265 3899 ndthig,
278 3831 341 3889 dass
354 3847 381 3886 u.
393 3846 415 3887 s.
427 3846 463 3886 w.
494 3829 566 3885 Ganz
579 3831 645 3885 ibn·
697 3832 826 3886 maturi
831 3845 882 3892 us,
894 3828 978 3885 brach
999 3829 1260 3899 1111111111-

86 3897 140 3953 licb
153 3899 221 3955 lisst
233 3900 303 3954 auch
309 3898 405 3955 Arrian
418 3898 543 3953 dendrzt
552 3896 645 3953 reden.
698 3914 753 3954 nor
761 3897 806 3953 bei
816 3896 868 3954 die.
879 3924 914 3936 —
925 3899 961 3951 in
973 3846 1035 3953 doe
1046 3903 1157 3962 stote,
1169 3900 1222 3955 mit
1233 3916 1259 3954 u.

84 3993 119 4003 —-
130 3982 214 4021 sone
226 3967 374 4034 fideles,
387 3966 449 4023 aed
457 3964 528 4020 mol.
543 3965 646 4021 sedu-
699 3962 1261 4030 11111111111111111911111111111

84 4032 95 4084 l
100 4035 122 4094 i,
136 4033 192 4088 ‘die
203 4032 327 4091 Frcunde
339 4034 368 4089 in
380 4035 467 4089 ihrem
481 4033 583 4102 gewiss
596 4040 647 4100 gut
697 4033 800 4096 livius,
813 4033 863 4088 der
875 4030 929 4087 last
940 4031 1037 4087 immet
1048 4034 1079 4087 in
1095 4032 1260 4091 hinausetat

86 4100 250 4165 gemeinton,
272 4102 337 4158 aber
364 4101 476 4157 blinden
492 4100 588 4156 mter-‚²
612 4129 647 4139 —
699 4099 901 4166 81111111.

85 4166 223 4231 plenum
236 4166 260 4223 b.
272 4172 362 4236 spei,
381 4170 482 4224 ehenso
496 4167 571 4224 Caes.
583 4167 609 4224 b.
623 4184 645 4223 c.
733 4172 772 4224 17.
790 4172 911 4236 protes
931 4164 1072 4223 habebunt
1091 4190 1126 4211 =
1143 4168 1186 4225 sie
1203 4167 1259 4224 he-

85 4237 147 4290 15.
698 4233 1259 4302 zeigten,eigentt.nur:stewussten,

121 4305 161 4358 12.
174 4317 214 4357 ne
227 4309 388 4371 optasses
401 4304 548 4371 quidem,
561 4303 642 4359 ndml.
697 4303 821 4369 hegten
838 4300 920 4357 hauh.
949 4301 1001 4356 llas
1018 4300 1163 4361 leierliche
1178 4304 1260 4359 Wort

86 4371 224 4436 experiri.
253 4370 341 4428 Ueber
359 4380 483 4439 optare
500 4388 524 4429 1.
536 4368 611 4427 infin.
623 4387 643 4425 s.
695 4376 793 4437 protes
804 4369 959 4437 ς1111111111
969 4369 1014 4434 (a)
1027 4368 1103 4425 steht
1115 4373 1188 4429 auch
1200 4375 1224 4429 9.
1236 4372 1259 4425 6.
