2752 4776
168 228 230 292 122
622 240 656 299 q.
679 238 783 287 cuurr
804 238 887 286 eurr

118 418 150 467 16
168 398 305 460 reddunt.
351 398 414 474 Ego
437 404 536 457 autem
558 414 655 457 seram
678 394 920 455 inmortalitatem
942 411 1051 472 precor
1074 394 1149 471 regi,
1172 400 1207 455 ut
1230 401 1260 455 et
1279 394 1330 457 vla

169 484 309 544 diuturna
332 485 371 542 sit
392 488 422 541 et
444 488 564 541 aeterna
587 481 732 540 maiestas.
770 479 927 555 Hominem
951 480 1146 557 consequitur
1168 478 1328 559 aliquando,

118 587 151 637 ιτ
169 584 321 646 nunquam
345 568 504 626 comitatur
532 564 677 625 divinitas.
720 563 881 625 Herculem
904 561 993 623 modo
1017 570 1045 623 et
1060 561 1183 623 Patrem
1199 560 1330 625 Liberum
1363 579 1367 589 ·

169 658 360 714 consecratae
381 648 604 710 inmortalitatis
626 648 762 728 exempla
783 646 948 709 referebas.
996 645 1141 708 Credlsne
1162 646 1232 708 illos
1253 648 1331 709 uulua

170 737 296 797 convivii
325 735 445 794 decreto
475 734 547 794 eleos
573 732 685 793 iactos?
729 733 816 795 Prius
845 731 882 792 ab
906 730 1001 792 oculis
1024 729 1200 793 mortalium
1222 730 1330 793 amolita

118 839 152 888 18
171 827 274 881 natura
298 827 355 889 est,
384 836 473 898 quam
495 818 525 877 in
548 816 664 879 caelum
687 818 764 879 lama
786 815 972 894 perveheret
1016 815 1140 877 Scilicet
1163 833 1221 895 ego
1243 822 1272 877 et
1295 824 1330 885 tu,

171 903 249 973 Cleo,
274 903 345 965 deos
368 904 507 964 iacimus:
532 920 547 961 a
571 901 657 962 nobis
671 902 834 962 divinitatis
848 918 921 962 suae
935 903 1147 961 anctoritatem
1162 907 1329 980 accepturus
1369 955 1372 976 ,

171 998 216 1049 est
237 989 305 1049 rex!
329 988 495 1049 Potentiam
510 994 590 1047 tuam
608 988 739 1065 experiri
753 984 840 1046 libet:
864 985 912 1046 lac
927 983 1055 1064 aliquem
1069 1002 1189 1062 regem,
1211 982 1328 1045 eldeum
1368 979 1372 1040 l

121 1091 153 1139 19
171 1081 256 1152 potes
277 1074 386 1132 lacere.
430 1069 559 1131 Facilius
582 1079 626 1131 est
648 1069 761 1132 caelum
785 1070 856 1130 dare
879 1087 968 1149 quam
990 1069 1165 1147 imperium.
1209 1068 1242 1129 lli
1266 1085 1328 1147 pro
1369 1081 1372 1104 ‘

170 1159 236 1238 pitii
258 1158 322 1217 sine
344 1155 463 1223 invidia,
487 1173 563 1233 quae
586 1153 655 1214 Cleo
678 1154 762 1231 dixit,
786 1154 934 1215 audierint
957 1153 1122 1231 eodemque
1145 1168 1251 1221 cursu,
1278 1168 1329 1231 quo
1368 1153 1372 1237 ¹:

170 1242 283 1302 fluxere
305 1240 402 1299 adbuc
424 1258 486 1308 res,
516 1240 561 1299 ire
583 1240 739 1316 patiantur.
784 1239 901 1300 Nostris
924 1237 1055 1298 moribus
1078 1236 1176 1299 velint
1196 1254 1252 1297 nos
1274 1252 1330 1299 este
1370 1312 1372 1317 Ι

171 1333 336 1386 contentos.
373 1324 438 1384 Non
461 1322 553 1400 pudet
574 1325 697 1402 patriae,
721 1341 778 1384 nec
800 1322 946 1392 desidero,
968 1321 1004 1382 ad
1028 1339 1120 1402 quem
1143 1322 1268 1383 modum
1286 1338 1330 1383 rar

171 1410 243 1469 mihi
266 1407 407 1468 colendus
430 1408 479 1476 sit,
513 1412 640 1469 arietis
668 1409 794 1469 discere.
840 1407 921 1478 Quos
948 1406 1087 1486 equidem
1116 1407 1251 1468 victores
1275 1422 1329 1467 eac

117 1511 154 1559 3ο
171 1494 325 1563 confiteor,
350 1494 375 1552 si
391 1492 428 1552 ab
443 1490 502 1551 illis
517 1490 607 1569 leges,
624 1494 690 1571 quis
704 1493 846 1561 vivamus,
862 1492 1046 1569 accipimus?
1085 1493 1201 1571 nequis
1221 1480 1372 1563 auribusill¹

173 1575 375 1646 Callisthenes,
399 1574 490 1636 veluti
511 1576 618 1637 vindex
641 1575 777 1653 publicae
799 1574 956 1644 libertatis,
980 1573 1172 1639 audiebatur.
1216 1574 1331 1655 Expra·

172 1669 254 1722 serat
276 1678 336 1721 non
359 1659 568 1721 adsensionem
591 1662 689 1731 modo,
712 1660 765 1722 sed
781 1663 868 1721 etiam
884 1677 987 1721 vocem
1002 1660 1158 1720 seniorum
1173 1660 1330 1739 praecipue,

121 1761 154 1810 21
174 1745 283 1824 quibus
305 1747 401 1824 gravis
421 1751 488 1807 'erat
510 1746 665 1806 inveterati
680 1747 772 1807 moris
787 1752 911 1807 externa
928 1745 1062 1805 mutatio.
1099 1740 1169 1805 Nec
1183 1745 1238 1823 qui
1275 1756 1330 1804 uam

174 1847 286 1899 eorum,
310 1847 386 1909 quae
407 1830 532 1890 invicem
555 1829 662 1890 lactata
685 1836 778 1899 erant,
803 1847 857 1890 rex
872 1827 1038 1907 ignorabat,
1062 1845 1132 1889 cum
1147 1837 1250 1907 posta
1277 1823 1328 1895 aci.

173 1933 249 1994 quae
270 1914 356 1975 lectis
378 1912 552 1983 obduxerat,
576 1921 676 1975 staret.
714 1914 808 1993 lgitur
831 1914 867 1974 ad
883 1915 958 1991 Agin
981 1920 1011 1973 et
1031 1910 1174 1973 Cleonem
1197 1914 1285 1981 misit,
1302 1918 1330 1972 ut

172 2016 311 2059 sermone
333 1999 415 2059 finito
438 1998 581 2059 barbaros
610 2007 740 2067 tantum,
775 2018 842 2060 cum
870 2000 1025 2070 intrasset,
1058 1995 1262 2075 procumbere
1286 2012 1330 2057 suo

173 2101 258 2143 more
280 2089 463 2161 paterentur,
487 2091 517 2143 et
531 2081 619 2160 paulo
635 2089 710 2160 post,
736 2084 822 2163 quasi
836 2083 952 2161 potiora
968 2080 1111 2161 quaedam
1129 2083 1250 2159 egisset,
1272 2096 1330 2141 cou-

208 2269 249 2320 16.
273 2264 431 2319 diuturna
461 2264 620 2332 ‘moglichst
645 2265 730 2330 tanga
783 2273 869 2321 etwas
889 2282 918 2321 es
930 2280 990 2319 war
1003 2264 1058 2319 illm
1070 2263 1107 2318 im
1120 2262 1242 2319 Verlaul
1254 2262 1332 2319 selber

174 2351 195 2387 s.
214 2332 232 2396 3
253 2336 296 2393 15;
316 2335 355 2387 10.
374 2335 437 2386 9,(1.
464 2332 511 2386 bie
529 2333 628 2388 aweite
640 2332 731 2388 Hallte
782 2332 854 2388 Rede
878 2332 1029 2399 gelungen,
1052 2329 1275 2388 hervorzuruleu
1290 2336 1332 2385 etc

173 2400 222 2453 ‹les
230 2398 383 2452 Wunsclres
395 2400 461 2465 (aet.
468 2402 615 2463 maiestas)
625 2407 730 2454 musste
783 2428 815 2438 -
833 2401 1077 2456 adsensionem
1088 2420 1122 2441 =
1135 2395 1213 2453 stille
1227 2396 1332 2453 2331113-

173 2482 220 2521 um
243 2482 274 2519 so
293 2465 398 2520 sichrer
418 2467 446 2520 in
465 2465 610 2533 Erleillung
633 2467 731 2533 geben,
782 2483 875 2535 mung.
904 2494 938 2506 -
967 2472 1128 2523 externo.
1171 2463 1332 2521 Naltlrlicber

168 2533 337 2655 jeltweniger
348 2532 393 2589 die
405 2535 563 2656 Alpotlreosde
576 2534 636 2669 elpg
648 2532 727 2588 uber·

190 2617 199 2654 1
257 2617 300 2654 wa
317 2645 323 2657 .
341 2629 375 2638 -
433 2616 442 2654 1
689 2618 731 2654 n.

174 2616 330 2735 friderada)
348 2691 381 2712 =
398 2616 732 2735 linqdlddlidsenelleals·

173 2736 252 2798 len’,
280 2737 375 2791 ‘dann
403 2736 469 2791 und
492 2742 606 2800 wann’,
629 2738 683 2789 wie
707 2739 730 2789 1.

209 2874 249 2923 17,
277 2876 519 2932 consecratae,
549 2871 602 2938 vgl.
629 2873 733 2938 opinio,

175 2939 309 2992 memoria
342 2943 513 2994 consecrata
553 2938 596 2994 bei
631 2939 733 2995 Cicero.

174 3004 319 3059 Uoblicber
340 3022 398 3061 war
421 3021 594 3061 consecrare
612 3006 735 3072 aliquem

172 3073 372 3127 inmortalitati
393 3091 414 3128 s.
437 3077 462 3127 9,
480 3076 505 3126 (i.
525 3076 566 3127 26.
588 3102 621 3110 —
644 3089 733 3127 amo-

172 3139 240 3193 lita
327 3145 392 3202 est,
415 3138 523 3195 starker
544 3139 584 3193 als
608 3142 733 3195 removit.

175 3204 235 3271 Vgl.
255 3205 310 3259 Ltv.
327 3209 369 3258 28.
382 3209 423 3260 28.
437 3210 469 3257 10
488 3206 607 3265 amolior
620 3212 647 3261 31
657 3223 732 3262 amo·

171 3288 225 3328 ⁴oeo
244 3286 345 3327 stamen
361 3288 461 3327 meam.

209 3344 249 3395 18.
268 3342 513 3395 auctoritatem
536 3364 569 3384 =
591 3339 732 3408 Beglau-

175 3407 316 3474 bigung,
334 3407 577 3475 Zusicberung.

210 3479 250 3528 19.
274 3478 350 3529 sine
379 3477 527 3541 invidia3
558 3475 607 3530 der
633 3474 734 3532 Ueber-

173 3543 252 3598 ruutb
280 3542 328 3597 des
359 3540 536 3621 Gliclrliclren
561 3538 665 3613 (ὕβρις)
692 3558 734 3597 er·

173 3609 732 3686 wecktenacbantikerllnsclmuungdon

173 3677 241 3732 lleid
269 3676 404 3744 (φθονος)
432 3677 481 3732 der
503 3677 608 3733 Gotter.
652 3679 733 3733 andi·

173 3748 251 3800 erint
285 3746 322 3799 ist
358 3752 443 3812 optat.
475 3745 544 3812 perl.
575 3761 663 3813 praes.
700 3773 733 3783 -

172 3813 331 3879 fluxere,
350 3812 404 3879 vgl.
423 3812 477 3867 Cic.
496 3810 540 3867 oli.
558 3817 581 3865 1.
595 3816 628 3864 90
646 3813 732 3868 rebus

172 3883 324 3947 prosperis
342 3887 369 3935 et
387 3881 426 3934 ad
436 3880 607 3935 volantatem
621 3881 736 3945 fluenti-

174 3949 236 4004 bus.
271 3947 348 4003 Auch
366 3949 467 4014 incipit
488 3963 537 4003 res
560 3947 736 4012 metiasire,

172 4032 298 4083 prorsas
315 4017 359 4071 ire
376 4032 404 4070 u.
423 4015 509 4083 dergl.
528 4016 575 4071 bat
588 4013 692 4070 Cicero.
704 4043 737 4052 -

173 4083 347 4215 ἕεὸεξάξνο.
384 4082 471 4139 Ueber
488 4083 540 4138 den
559 4082 607 4138 inl.
626 4100 647 4138 s.
667 4082 736 4137 Elnl.

247 4193 253 4205 ,
292 4192 296 4204 .
319 4168 346 4203 α.

209 4222 249 4272 20.
269 4220 390 4283 aeaeis
407 4219 460 4273 wie
485 4220 584 4303 aequis
603 4217 693 4273 oculis
711 4220 735 4268 t.

174 4288 199 4336 9.
212 4313 246 4322 -
259 4292 500 4349 expresserat.
526 4286 593 4341 sinn
606 4284 653 4340 des
666 4283 735 4353 plpi.

782 2540 870 2590 tvtre:
889 2536 919 2589 in
932 2539 1085 2590 externum
1101 2533 1247 2598 (morem).
1270 2529 1331 2589 llcdr

783 2602 836 2668 vgl.
854 2602 908 2658 niv.
927 2605 968 2656 22.
991 2605 1033 2656 33.
1055 2604 1070 2651 6
1094 2600 1252 2669 lonqinquo
1271 2612 1332 2655 cart

783 2692 817 2711 =
834 2685 907 2724 cara
918 2669 1053 2725 derebus
1068 2668 1246 2736 lonqinquin
1264 2665 1332 2723 eben·

784 2736 841 2793 das.
861 2742 885 2793 3.
907 2742 948 2790 33.
972 2741 987 2788 5
1009 2736 1165 2802 lonqinqua
1187 2735 1331 2811 lenutio?

784 2805 837 2860 13.
863 2806 895 2858 in
923 2804 1092 2870 lonqinqaas
1118 2805 1261 2871 raciones.
1294 2799 1331 2855 un

784 2822 1333 2950 blanderungderaltenmacedoniscbu

786 2939 856 2994 Sitte
879 2938 948 2993 lmnn
972 2938 1096 2994 msolern
1118 2936 1160 2994 als
1185 2951 1247 2994 erue
1271 2950 1322 2992 aus

785 3006 963 3061 lindiscbe
980 3004 1141 3061 bezeichnet
1160 3004 1285 3069 werden,
1300 2998 1332 3055 ab

785 3074 825 3127 sie
848 3090 897 3128 aus
920 3074 996 3129 einer
1018 3073 1271 3140 unpatrlotlscbeu,
1293 3068 1333 3125 ta

784 3140 983 3196 Auslindlscbe
999 3138 1240 3206 begdnstigendeu
1252 3136 1334 3195 Geslu·

784 3222 861 3275 nung
879 3207 1123 3274 borrorgegangen
1143 3223 1211 3262 war.
1289 3262 1292 3267 .

818 3278 859 3328 21.
873 3275 1086 3336 cbdaaerat,
1106 3273 1212 3329 esdarl
1223 3270 1333 3330 ausdeu

782 3341 944 3397 llusdruclre
964 3342 1040 3396 nicbt
1063 3339 1205 3409 geiolgert
1224 3338 1331 3397 werten

783 3409 846 3465 dass
873 3409 948 3464 Alex.
976 3410 1051 3464 diese
1076 3408 1259 3477 liinriclrtung
1282 3420 1333 3461 aua

785 3476 967 3532 nahmsweise
988 3476 1044 3531 und
1066 3476 1112 3532 lm
1135 3476 1232 3531 diesen
1249 3468 1334 3530 treci

784 3544 861 3599 batte
870 3542 968 3599 trellen
978 3543 1080 3606 lassen;
1093 3540 1334 3611 Vorlrangegebdr·

784 3617 831 3666 ten
855 3610 1011 3678 uberhaupt
1032 3627 1082 3665 eur
1098 3608 1334 3671 Aussclrmticluut

785 3676 1335 3744 desspeisezimmers;nochsrenslamte

784 3744 831 3800 das
856 3745 896 3800 als
922 3752 1008 3800 etwas
1030 3743 1280 3811 Ungewblrnliclres
1298 3754 1334 3795 er·

785 3812 928 3875 scheinen,
942 3813 1004 3867 dass
1017 3811 1195 3878 dergleiclren
1206 3804 1333 3867 unmitttl·

787 3878 838 3934 bar
854 3879 946 3935 binter
962 3879 1014 3934 den
1031 3878 1224 3946 Spelsedivans
1242 3874 1333 3941 (1331111

788 3946 1195 4012 angebracbtwordenwaren.
1215 3946 1333 4002 Obdant·

789 4019 837 4068 rat
853 4014 890 4069 ist
909 4013 985 4071 wohl
1003 4031 1037 4069 zu
1056 4012 1148 4068 lassen
1161 4013 1333 4069 wieeircun·

788 4081 907 4136 dederat
925 4087 949 4138 9,
967 4086 991 4136 t.
1011 4085 1057 4143 15:
1074 4078 1333 4146 suspenderant

789 4151 820 4199 18
830 4165 857 4203 u.
877 4150 977 4205 andere
990 4147 1060 4204 lllnl.
1074 4145 1092 4216 3
1106 4152 1137 4200 17
1152 4164 1166 4203 3
1184 4146 1333 4216 angellibrtt

787 4215 884 4271 nitiva
906 4217 995 4273 dieser
1017 4217 1075 4272 Art.
1106 4244 1133 4255 -
1154 4218 1257 4283 quasi
1274 4232 1299 4283 p.
1326 4242 1333 4259 ·

787 4284 925 4350 episset.
960 4284 1040 4339 Sinn:
1063 4283 1104 4339 als
1127 4283 1163 4340 ob
1182 4284 1229 4339 ilrn
1251 4284 1291 4349 ng
