2752 4776
322 272 576 326 HISTORIARUM
593 274 807 327 ALEXANDRI
824 274 871 336 1r,
888 276 928 327 lb.
941 277 980 328 11.
1159 275 1219 339 125

48 450 187 505 serratus
210 450 270 512 est,
295 441 345 503 scd
367 459 443 503 uxor
465 449 513 502 tua
536 441 625 519 paulo
647 450 715 501 ante
737 443 863 502 excessit
885 461 901 503 e
923 445 1004 504 vita?
1049 444 1133 505 Tunc
1148 463 1218 506 vero
1236 456 1269 505 29

47 544 109 589 non
132 527 263 605 gemitus
285 525 387 596 modo,
417 525 469 587 sed
493 528 579 587 etiam
603 524 729 586 eiulatus
750 526 819 585 totis
842 529 945 589 castris
975 529 1218 592 exaudiebantur.

47 612 112 673 Nec
135 609 280 672 dubitavit
301 609 428 679 llareus,
452 611 523 689 quin
546 610 701 670 interiecta
724 615 815 679 esset,
847 611 916 690 quia
938 614 1088 692 nequisset
1116 621 1218 674 coutu-

48 694 170 757 meliam
192 695 326 773 perpeti,
349 692 551 773 exclamatque
565 711 667 754 amens
683 691 800 753 dolore:
824 693 920 765 ‘Quod
936 713 991 774 ego
1005 704 1120 758 tantum
1135 696 1218 758 netas

52 778 202 847 commisi,
225 776 409 839 Alexander?
437 794 525 854 quem
548 785 667 838 tuorum
690 777 925 857 propinquorum
948 781 1064 849 necari,
1087 788 1120 841 ut
1141 781 1218 841 banc

50 864 143 925 vicem
165 864 312 924 redderes
331 863 469 923 saevitiae
490 862 592 922 meae?
614 860 709 921 Odisti
730 880 793 934 me,
816 880 877 923 non
892 863 1010 943 quidem
1026 872 1216 941 provocatus:

49 946 102 1009 sed
125 946 205 1025 lingo
225 947 338 1008 iustum
361 945 495 1007 intulisse
517 952 546 1005 te
567 943 693 1016 bellum,
724 963 790 1007 cum
819 945 938 1008 leminis
961 964 1032 1025 ergo
1055 965 1143 1026 agere
1166 947 1217 1009 de·

47 1030 191 1094 buerasi'
220 1031 358 1110 Tyriotes
380 1029 537 1091 adfirmare
559 1047 613 1108 per
636 1029 707 1091 deos
727 1031 840 1110 patrios
861 1030 933 1091 nihil
956 1033 987 1091 in
1012 1050 1075 1092 eam
1099 1033 1217 1109 gravius
1236 1052 1268 1098 30

47 1133 117 1177 esse
139 1113 320 1176 consultum:
354 1115 533 1192 ingemuisse
555 1115 643 1174 etiarn
665 1112 863 1175 Alexandrum
886 1115 975 1175 morti
1003 1123 1032 1176 et
1059 1133 1120 1176 non
1149 1133 1218 1194 par·

46 1200 114 1261 cius
134 1197 266 1269 flevisse,
290 1215 378 1276 quam
400 1201 465 1278 ipse
486 1199 665 1259 lacrimaret.
709 1196 754 1259 Ob
776 1198 850 1259 haec
871 1199 935 1275 ipsa
958 1200 1083 1260 amantis
1102 1200 1218 1260 animus
1236 1216 1267 1266 31

46 1285 78 1344 in
100 1280 331 1344 sollicitudinem
353 1284 613 1362 suspicionemque
634 1280 785 1343 revolutus
800 1288 859 1351 est,
883 1282 1062 1343 desiderium
1085 1283 1217 1361 captivae

46 1366 185 1447 prolecto
208 1385 226 1427 a
249 1366 462 1428 consuetudine
484 1368 578 1446 stupri
606 1374 704 1427 ortum
734 1384 800 1428 esse
828 1369 1009 1427 coniectans.
1055 1367 1216 1429 Summotis
1235 1386 1267 1433 32

46 1452 138 1531 igitur
160 1450 298 1521 arbitris,
326 1468 387 1511 unc
409 1451 560 1511 dumtaxat
581 1450 701 1528 Tyriote
722 1458 854 1520 retento,
883 1451 941 1512 iarn
964 1468 1024 1512 non
1045 1449 1135 1521 dene,
1164 1450 1217 1511 sed

47 1536 219 1615 suspirans,
242 1534 407 1604 ‘Videsne’,
435 1536 545 1614 inquit,
574 1534 720 1613 ‘Tyriote
751 1534 849 1597 locum
871 1535 1025 1596 mendacio
1048 1552 1107 1595 non
1132 1535 1217 1595 esset

48 1626 202 1682 tormenta
222 1620 281 1681 iam
302 1619 352 1679 hic
380 1626 482 1680 erunt:
515 1618 568 1680 sed
595 1637 632 1679 ne
662 1622 861 1699 expectaveris
888 1637 944 1699 per
973 1619 1060 1698 deos,
1094 1621 1119 1681 si
1146 1617 1216 1698 quid

48 1702 169 1765 libitui
191 1704 272 1781 regis
293 1705 476 1764 reverentiae
498 1710 557 1763 est:
580 1720 666 1773 num,
694 1702 772 1783 quod
796 1711 825 1764 et
846 1705 923 1765 scire
946 1712 1052 1784 expeto
1079 1711 1108 1764 et
1128 1720 1216 1782 quae-

45 1806 116 1849 rere
138 1785 247 1866 pudet,
270 1803 360 1848 ausus
382 1793 425 1848 est
448 1793 477 1847 et
499 1786 634 1847 domiuus
656 1793 686 1848 et
706 1788 848 1848 iuvenisl'
886 1786 939 1848 llle
961 1789 1127 1868 quaestioni
1149 1805 1215 1847 cor·
1235 1806 1267 1854 33

44 1890 104 1952 pus
135 1870 260 1940 offerre,
293 1870 365 1933 deos
392 1878 482 1932 testes
508 1872 662 1940 invocare,
696 1878 776 1932 caste
804 1879 963 1950 sancteque
994 1871 1123 1931 habitam
1152 1887 1217 1930 esse

43 1956 197 2035 reginam.
239 1954 371 2015 'l'andem
400 1961 433 2017 ut
461 1954 533 2015 fides
562 1953 637 2016 lacta
666 1963 710 2015 est
735 1973 804 2015 vera
831 1972 910 2024 esse,
945 1973 1021 2034 quae
1048 1953 1218 2015 adfirmaret
1234 1973 1268 2021 34

45 2040 158 2120 spado,
181 2039 276 2119 capite
297 2037 393 2100 velato
415 2038 466 2100 diu
487 2038 566 2099 flevit
587 2038 834 2118 manantibusque
857 2038 954 2099 adhuc
968 2037 1110 2106 lacrimis,
1135 2045 1216 2098 veste

48 2123 84 2185 ab
107 2140 162 2184 ore
181 2124 308 2192 reiecta,
332 2121 370 2183 ad
392 2120 505 2183 caelum
521 2140 626 2183 manus
640 2122 780 2192 tendens,
804 2123 852 2184 ‘Ili
867 2124 984 2201 patrii',
1008 2122 1118 2200 inquit,
1142 2123 1215 2199 ‘pri-

48 2224 130 2269 mum
151 2207 227 2268 mibi
249 2205 376 2268 stabilite
398 2223 539 2284 regnum:
563 2206 683 2276 deinde,
707 2208 731 2267 si
754 2207 791 2267 de
812 2225 861 2268 me
882 2209 941 2267 iam
961 2211 1142 2267 bansactum
1159 2212 1213 2275 est,

50 2308 171 2369 precor,
194 2308 233 2351 ne
256 2291 322 2370 quis
344 2291 442 2369 potius
463 2291 550 2352 Asiae
572 2309 624 2351 rex
647 2291 697 2360 sit,
721 2310 809 2371 quam
832 2293 887 2352 iste
910 2297 968 2350 tam
991 2292 1086 2351 iustus
1108 2289 1213 2357 hostis,

52 2380 112 2435 tam
132 2375 302 2437 misericors
323 2376 438 2436 victor?

556 2525 634 2587 Car.
655 2525 704 2585 lli.

15 2634 46 2703 43
129 2626 234 2705 ltaque
265 2643 443 2705 quamquam
477 2625 586 2686 lrustra
619 2643 694 2705 pace
720 2623 768 2684 bis
795 2626 885 2703 petita
919 2625 1017 2684 omnia
1044 2625 1075 2683 in
1103 2622 1246 2683 bellumr

10 2708 13 2785 ξ
52 2709 171 2771 consilia
193 2716 395 2779 converterat,
419 2708 514 2770 victus
536 2716 633 2769 tamen
657 2709 837 2768 continentia
858 2706 952 2768 hostis
975 2707 1011 2767 ad
1029 2723 1118 2766 novas
1132 2707 1214 2784 pacis

10 2792 15 2869 ζ»
51 2794 239 2855 condiciones
259 2792 398 2853 ferendas
421 2811 440 2851 x
460 2790 588 2868 legatos,
612 2800 803 2869 cognatorum
825 2792 989 2870 principes,
1014 2790 1109 2850 misit:
1139 2809 1213 2870 quos

50 2870 214 2939 Alexander
241 2876 364 2936 consilio
394 2876 534 2937 advocato
566 2874 716 2936 introduci
744 2876 834 2937 iussit.
885 2875 908 2934 E
937 2874 1042 2954 quibus
1069 2875 1247 2935 maximusn

52 2969 133 3031 natu,
168 2960 341 3030 ‘Dareum’,
376 2961 486 3038 inquit,
520 2962 565 3020 ‘ut
591 2977 694 3039 pacem
718 2977 734 3019 a
755 2965 786 3020 te
807 2959 865 3019 iam
887 2958 945 3018 hoc
972 2960 1063 3023 tertio
1088 2964 1212 3038 peteret,

10 3046 14 3101 l
51 3044 126 3105 nulla
147 3046 193 3104 vis
214 3043 344 3122 subegit,
366 3044 417 3105 sed
440 3044 549 3105 iustitia
572 3051 602 3105 et
624 3043 801 3105 continentia
822 3049 873 3103 tua
894 3044 1049 3121 expressit.
1079 3043 1211 3111 Matrem,
1231 3055 1247 3103 3

10 3204 13 3211 1
53 3130 220 3207 coniugem,
249 3127 360 3189 liberos
382 3129 460 3197 eius,
489 3128 545 3188 nisi
567 3127 645 3207 quod
669 3127 732 3188 sine
752 3125 801 3186 illo
824 3130 906 3195 sunt,
936 3134 1038 3206 captos
1060 3144 1125 3188 esse
1153 3143 1213 3186 non

79 3329 121 3382 29.
132 3327 329 3392 nequisset,
338 3323 450 3381 weilsie
460 3325 518 3380 sich
528 3326 605 3380 nieht
657 3325 767 3382 ahnlich
780 3325 848 3381 lisst
864 3325 962 3381 Arrian
979 3325 1032 3380 den
1045 3326 1139 3381 Darius
1153 3325 1212 3380 sich

51 3392 117 3449 drzu
137 3392 303 3448 verstanden
323 3391 406 3455 habe,
424 3391 604 3458 Unwrirdiges
657 3398 779 3449 dussern.

49 3475 81 3516 ru
92 3458 224 3515 erleiden.
242 3461 407 3523 -ricem,
426 3456 481 3525 vgl.
495 3456 540 3513 Or.
553 3473 604 3513 arn.

49 3530 70 3583 1.
84 3530 110 3582 o.
126 3530 161 3579 23
180 3526 269 3583 redde
287 3528 375 3582 vicem
395 3526 519 3587 merdin·
539 3540 606 3580 non
867 3508 936 3562 ⁰³1²·
954 3508 1000 3559 xl.

47 3594 181 3716 qqlq'dem
192 3609 215 3649 s.
224 3597 249 3649 3.
259 3596 388 3673 11.·10.—
401 3607 516 3672 agere,
530 3596 605 3672 nim·
692 3596 715 3644 1.
729 3592 874 3660 frustra
891 3632 924 3671 ··:
938 3591 992 3647 bis
1003 3610 1026 3649 s.
1039 3596 1062 3649 1.
1075 3595 1089 3644 7
1102 3609 1129 3648 u.
1141 3596 1166 3648 4.
1174 3596 1211 3672 p:

113 3675 198 3724 rem;
218 3659 288 3715 doch
300 3667 337 3715 rst
349 3661 418 3716 auch
437 3660 482 3715 dre
494 3658 605 3780 Suqqalr·
657 3659 759 3715 ebenro
771 3659 840 3715 Just.
854 3675 881 3714 u.
892 3657 979 3721 llrod„
992 3659 1046 3727 dag
1083 3672 1116 3716 en
1128 3674 1212 3715 weiss

47 3742 120 3794 mng
130 3743 187 3783 ron
199 3726 302 3782 bellum
313 3726 443 3794 mdglich,
458 3726 492 3782 da
503 3727 536 3783 be
559 3743 605 3782 um
655 3728 716 3783 Arr.
733 3726 889 3793 uberhaupt
905 3742 959 3782 nur
977 3731 1058 3783 von2
1091 3726 1213 3782 riedens·

46 3792 605 3917 qq'eqlqllqeiqrsqganaungewdbnlicheller-
656 3792 901 3915 {eqlqandquge'qb
900 3792 986 3914 qodqeu
983 3792 1097 3912 qqrqle}
1104 3808 1142 3907 1qu
1150 3793 1212 3845 Arr.

77 3875 605 3992 aa.effeminatis-retentosque
690 3931 714 3982 2.
730 3927 794 3982 boc
811 3879 916 3981 teqrtio
934 3926 1014 3992 ‘jetzt
1031 3940 1093 3979 zum
1110 3921 1213 3977 dritten

47 3992 224 4063 'lantologlm
237 3993 400 4050 tibinllinl.
428 3994 504 4049 Ι281).
516 3993 605 4050 [leber
655 3993 734 4050 llale'
747 4015 781 4036 =
792 3992 846 4047 boc
857 3993 979 4071 tertium,
998 3990 1082 4042 τοῦτο
1099 3989 1211 4111 rqdrom

47 4066 150 4131 expeto
163 4077 186 4117 c.
198 4060 274 4116 infin.
287 4080 309 4117 s.
320 4060 389 4117 llinl.
422 4106 427 4117 .
440 4059 504 4118 341).
656 4059 710 4126 vgl.
731 4060 858 4114 ultimum
875 4056 954 4114 allud.
972 4061 1012 4110 10.
1032 4061 1056 4113 ὅ.
1068 4061 1097 4119 3ς
1140 4072 1176 4113 xv.
1189 4061 1211 4111 1.

78 4133 125 4183 88.
170 4131 364 4193 occationi,
393 4126 604 4191 zurFolter‚
655 4122 1212 4191 aas.—eepressit,³hatihn(dazu)

48 4195 102 4251 wle
114 4210 132 4250 o
157 4210 226 4252 erre
236 4209 268 4252 se
276 4195 426 4262 periculis.
655 4192 810 4260 gedrangt’,
821 4191 871 4246 mit
883 4196 915 4247 ut
926 4192 1013 4248 sehon
1025 4191 1070 4248 bei
1083 4191 1136 4247 dic.

79 4265 124 4319 at.
134 4262 235 4330 facto
246 4267 310 4323 est,
328 4261 409 4318 naml.
420 4260 526 4325 Dareo,
544 4279 566 4317 s.
579 4266 604 4318 9.
688 4260 795 4314 nomi
806 4258 907 4326 quod,
918 4257 987 4317 Einl.
1001 4256 1026 4328 S.
1039 4263 1072 4312 45
1082 4258 1121 4322 b.;
1134 4260 1212 4314 cirre

17 4388 21 4393 ,
48 4330 345 4395 11;primum=wo
360 4327 602 4396 unguendam
654 4326 728 4389 illo,
751 4325 865 4393 degens.
882 4342 947 4383 cum
962 4326 1011 4383 illo
1025 4349 1059 4371 =
1083 4332 1213 4394 getrennt
