2752 4776
44 4454 58 4487 i.

106 234 168 299 120

558 232 591 295 o.
611 229 723 282 cunm
741 228 829 281 nuru

55 424 87 472 10
105 415 156 466 ten
178 404 293 465 traiecit
320 403 493 462 exercitum.
537 399 609 459 lude
637 399 785 476 octoginta
816 400 878 461 lere
906 399 999 461 stadia
1022 402 1208 479 'progressus
1238 400 1273 461 ad

105 488 231 550 alterum
258 504 376 548 amnem
406 519 444 530 —
472 484 595 545 Bumelo
624 500 733 543 nomen
760 490 805 544 est
825 517 868 530 -
890 493 985 545 castra
1008 485 1113 562 posuit.
1158 483 1274 563 Oppor-

105 582 176 634 tuna
205 570 385 651 explicandis
418 569 511 646 copiis
539 569 621 646 regio
651 575 729 637 erat,
768 567 934 646 equitabilis
962 576 991 629 et
1019 576 1100 629 vasta
1127 565 1274 646 planities,

106 675 144 717 ne
166 658 274 735 stirpes
296 653 415 733 quidem
438 661 468 713 et
488 652 588 712 brevia
611 649 896 729 virgulta-operiunt
923 653 1019 715 solum
1047 651 1184 730 liberque
1204 668 1274 730 pro·

107 750 228 819 spectus
250 739 405 800 oculorum
429 737 517 799 etiam
539 735 577 796 ad
599 753 649 804 ea,
673 753 748 814 quae
766 736 871 813 procul
887 753 1053 806 recessere,
1077 737 1274 815 permittitur:

107 833 209 903 atque,
238 825 262 882 si
285 840 343 900 qua
366 822 463 900 campi
486 818 670 887 eminebant,
699 819 784 880 iussit
806 821 928 898 aequari
948 826 1103 898 totumque
1125 819 1275 898 fastigium

109 907 236 968 extendi.

57 1019 88 1065 11
192 1005 358 1068 Alexandro
387 1005 438 1081 qui
459 1020 616 1064 numerum
640 1005 791 1081 copiarum
820 1006 901 1081 eius,¹
923 1012 1063 1082 quantum
1087 1003 1194 1083 procul
1205 1020 1273 1065 cou-
1281 998 1315 1065 dl

108 1093 211 1153 iectari
232 1097 362 1171 poterat,
386 1086 583 1147 aestimabant
616 1087 663 1148 vix
692 1087 829 1148 lecerunt
849 1088 938 1148 fidem
966 1094 1010 1148 tot
1036 1086 1156 1148 milibus
1184 1088 1274 1151 caesis

58 1185 89 1232 ιι
108 1179 236 1237 maiores
259 1175 358 1253 copias
381 1189 446 1232 esse
467 1176 630 1250 reparatas.
674 1171 811 1232 Ceterum
834 1173 930 1233 omnis
952 1171 1078 1252 periculi
1101 1181 1130 1232 et
1151 1174 1276 1233 mamma

108 1258 303 1321 multitudinis
325 1262 511 1333 contemptor
539 1253 704 1317 undecimis
723 1257 835 1318 castris
862 1256 900 1317 ad
929 1256 1099 1335 Euphraten
1125 1257 1273 1334 pervenit:

109 1360 167 1422 quo
195 1339 336 1420 pontibus
362 1341 463 1400 iuncto
492 1340 606 1416 equites
632 1341 746 1419 primos
773 1343 834 1410 ire,
862 1339 1040 1420 phalangem
1067 1341 1152 1419 sequi
1180 1339 1274 1409 iubet,

109 1427 242 1494 Mazaeo,
265 1425 316 1502 qui
338 1422 375 1483 ad
396 1421 591 1483 inhibendum
615 1425 772 1484 transitum
795 1425 857 1485 eius
880 1432 1022 1486 cum‘sex
1047 1423 1169 1484 milibus
1195 1424 1274 1503 equi-

59 1519 92 1567 13
110 1518 172 1570 tum
202 1513 388 1576 occurrerat,
423 1524 483 1567 non
511 1524 583 1567 auso
611 1507 777 1587 periculum
809 1511 855 1569 sui
883 1508 992 1570 lacere.
1036 1508 1143 1569 Paucis
1171 1507 1276 1569 deinde

110 1612 171 1654 non
194 1592 230 1653 ad
253 1593 398 1669 quietem,
429 1590 482 1651 sed
504 1590 541 1651 ad
563 1592 784 1671 praeparandos
812 1594 926 1654 animos
955 1592 1059 1654 diebus
1088 1592 1165 1653 datis
1194 1590 1276 1653 militi
1315 1600 1323 1649 ,θ

110 1685 231 1737 strenue
257 1676 373 1736 hostem
401 1677 518 1754 insequi
546 1678 656 1754 coepit,
689 1683 839 1747 metuens,
875 1695 912 1737 ne
945 1678 1088 1737 interiora
1120 1678 1208 1755 regui
1232 1675 1276 1737 sui

110 1768 226 1840 peteret
247 1759 475 1839 sequendusque
497 1766 575 1820 esset
601 1779 656 1839 per
682 1760 747 1822 loca
770 1763 850 1822 omni
878 1759 1034 1822 solitudine
1062 1768 1151 1839 atque
1179 1761 1275 1841 inopia

61 1853 93 1900 14
111 1852 201 1906 vasta.
230 1845 344 1922 ·lgitur
372 1853 478 1923 quarto
506 1846 553 1905 die
579 1853 698 1925 praeter
727 1847 898 1907 Armeniam
932 1852 1069 1924 penetrat
1097 1844 1135 1905 ad
1163 1844 1274 1923 Tigrin.

110 1928 185 1989 Tota
206 1929 290 2006 regio
312 1926 389 1990 ultra
411 1946 529 1989 amnem
551 1931 666 1990 recenti
685 1930 818 1991 fumabat
832 1929 982 1990 incendio:
1007 1930 1117 2008 quippe
1132 1928 1276 1998 Mazaeus,

61 2028 93 2075 15
112 2030 316 2092 quaecumque
339 2011 464 2082 adierat,
499 2013 578 2073 baud
600 2031 685 2074 secus
714 2031 802 2090 quam
832 2013 926 2075 hostis
953 2013 1066 2074 urebat.
1112 2015 1154 2074 Ac
1181 2014 1277 2091 primo

111 2097 250 2176 caligine,
275 2114 362 2174 quam
386 2096 484 2158 lumus
506 2096 664 2168 effuderat,
688 2097 867 2161 obscurante
888 2095 985 2165 lucern
1006 2096 1183 2158 insidiarum
1198 2102 1277 2157 meto

111 2181 256 2242 substitit:
280 2179 387 2240 deinde
409 2188 442 2242 ut
464 2180 664 2260 speculatores
685 2183 841 2260 praemissi
861 2188 924 2242 tuta
945 2183 1044 2242 omnia
1059 2183 1275 2249 nuntiaverunt,

111 2280 222 2342 paucos
244 2265 378 2341 equitum
399 2263 436 2323 ad
464 2264 667 2343 temptandum
694 2266 800 2326 vadum
829 2263 959 2325 fluminis
987 2267 1156 2343 praemisit:
1194 2265 1288 2326 ouius'

112 2345 235 2406 altitudo
257 2348 354 2425 primo
377 2364 490 2406 summa
513 2365 658 2426 equorum
680 2357 814 2426 pectora,
848 2368 932 2419 mon,
967 2358 1000 2409 ut
1021 2351 1052 2409 in
1080 2350 1211 2410 medium
1240 2346 1278 2409 al·

62 2445 94 2495 16
114 2447 198 2490 veum
221 2439 341 2490 ventum
364 2435 424 2500 est,
453 2433 583 2492 cervices
604 2449 722 2511 quoque
750 2433 903 2511 aequabat.
949 2433 1011 2493 Nec
1039 2450 1110 2492 sanc
1138 2431 1215 2494 alius
1243 2429 1278 2492 ad

114 2512 244 2574 Orientis
265 2513 381 2593 plagam
406 2523 464 2574 tam
487 2515 632 2577 violentus
654 2517 819 2587 invehitur,
842 2517 1005 2578 multorum
1026 2519 1206 2578 torrentium
1222 2532 1278 2577 uon

113 2615 203 2677 aquas
224 2597 334 2669 solurn,
365 2597 418 2658 sed
440 2599 529 2660 etiam
551 2618 620 2660 saxa
642 2618 743 2662 secum
772 2601 902 2662 trahens.
946 2602 1088 2680 ltaquea
1116 2599 1279 2668 celeritate,

113 2702 171 2762 qua
193 2681 310 2752 defluit,
334 2682 415 2761 Tigri
438 2700 546 2745 nomen
575 2692 619 2745 est
647 2686 788 2754 inditum,
812 2686 878 2764 quia
906 2684 1026 2745 Persica
1054 2684 1154 2763 lingua
1177 2685 1280 2763 Tigrin

149 2952 189 3000 ro.
210 2948 377 3003 numerus
397 2971 430 2991 =
451 2944 605 3016 cooperte
626 2909 685 3005 ιιι

113 3012 530 3082 nrr.,jetzt1thaser((thazir)
562 3024 669 3072 enannt.

113 3079 339 3135 Auoderbeiilrm
349 3080 395 3148 lag
405 3032 670 3148 Gaugamelat‘llaus

115 3147 163 3201 des
179 3145 341 3211 Kameels'),
365 3147 393 3201 iu
414 3148 513 3203 desseu
528 3148 604 3204 Nube
627 3149 671 3204 die

116 3212 245 3268 Schlacht
262 3212 406 3277 stattland,
424 3215 556 3270 wibreud
572 3215 672 3271 Arbela

114 3279 297 3343 vielelleilen,
311 3280 671 3345 nachArrian10—12,vom

115 3345 318 3402 Schlachtlelde
331 3345 452 3403 entiernt
462 3364 564 3405 war.—
577 3352 657 3416 equi
662 3378 673 3389 ·

114 3415 187 3470 tobi
191 3415 202 3468 l
207 3416 218 3468 i
222 3430 249 3477 s,
263 3414 318 3470 wic
330 3416 521 3482 inequitabiles
533 3421 557 3472 8.
571 3421 610 3472 14.
623 3421 640 3468 4
652 3435 673 3472 s.

114 3479 672 3549 Eiul.3.1.-liber-permittitur,

114 3557 189 3614 poet.
204 3547 324 3614 gerarte
337 3549 409 3605 doch
419 3550 473 3616 vgl.
487 3550 560 3606 Caes.
573 3550 599 3607 b.
611 3566 638 3618 g.
650 3556 675 3604 t.

115 3619 147 3666 81
151 3621 307 3681 prospectu
319 3617 444 3672 tenebris
456 3619 585 3685 adempto
590 3642 600 3680 ;
617 3634 672 3673 re-

115 3682 672 3818 ttittdecutiturttttttt‘

150 3855 189 3906 11.
201 3851 267 3919 fec.
278 3851 400 3920 fidem,
419 3857 459 3909 10.
472 3857 506 3905 34
521 3875 555 3896 =
572 3853 671 3910 ‘konn-

115 3925 161 3972 ten
174 3952 207 3960 -
219 3918 359 3990 glauhlich
372 3920 507 3976 machen’.

151 4023 191 4073 1⁶2.
209 4022 415 4085 undecimis,
435 4035 490 4078 von
507 4022 595 4089 Tyrus
608 4040 671 4086 aus;

117 4100 147 4138 er
159 4083 328 4142 tiberschritt
340 4089 392 4144 den
401 4089 504 4158 Euphr.
519 4089 563 4145 bei
574 4091 672 4158 Tapsa·

117 4166 173 4205 cus.
198 4179 230 4187 -
258 4153 416 4220 Mazaeo,
446 4161 518 4224 qui,
548 4158 672 4214 Wieder·

116 4217 222 4298 holung
240 4217 287 4273 des
309 4221 335 4284 8.
352 4227 367 4273 7
390 4223 533 4292 Gesagten.
547 4255 579 4263 -
599 4242 672 4292 per.

116 4299 170 4337 ,rut
192 4286 332 4349 facere:
350 4305 381 4342 so
407 4289 508 4346 bereits
528 4293 588 4356 (mit
609 4296 670 4356 tui,

62 2779 94 2827 17
112 2768 247 2846 sagittam
269 2766 427 2846 appellant.
471 2769 565 2844 lgitur
586 2769 678 2848 pedes
710 2769 789 2830 velut
817 2769 926 2829 divisus
953 2771 984 2828 in
1006 2786 1117 2830 cornua
1150 2764 1323 2832 circum-38

719 2951 798 3019 fidei)
812 2950 856 3006 bei
869 2950 932 3016 Ciu,
945 2951 995 3006 mit
1008 2954 1111 3007 virium
1128 2956 1152 3007 7.
1165 2957 1190 3007 8.
1203 2957 1237 3005 tt
1248 2975 1282 2996 =

723 3014 957 3071 διακινδυνεύειν
967 3013 1041 3084 ,ὑπέρ
1054 3019 1146 3087 (rcapti
1159 3037 1249 3083 τινος.

757 3123 797 3171 13.
814 3121 1097 3185 praeparandos,
1115 3138 1138 3176 s.
1157 3124 1197 3178 10.
1211 3124 1237 3180 9.
1251 3125 1284 3174 15

721 3201 859 3252 praepar.
872 3187 912 3241 od
922 3187 1123 3244 dimicandum.

758 3282 798 3335 14.
810 3283 937 3344 quarto
955 3281 1023 3345 die,
1037 3281 1107 3335 uach
1121 3281 1197 3336 was?
1223 3280 1284 3337 Von

723 3345 879 3413 Thapsacus
896 3345 938 3401 bis
956 3364 1005 3402 zur
1022 3346 1120 3410 Stelle,
1143 3363 1189 3403 wo
1206 3347 1286 3406 Mes.

725 3412 778 3466 deu
789 3412 878 3480 Tigris
891 3413 1017 3481 passirte.
1029 3431 1087 3470 war
1098 3432 1127 3471 es
1137 3413 1286 3471 conteneo.

724 3506 757 3517 -
774 3480 976 3536 Armeniam.
1005 3480 1058 3536 Zur
1080 3481 1185 3537 liuken
1205 3483 1286 3539 hatte

724 3563 754 3602 er
778 3547 827 3602 aul
849 3548 952 3602 scirem
976 3547 1098 3604 llarsche
1126 3549 1171 3604 die
1194 3566 1285 3606 arme-

724 3613 937 3738 nAiIsrch3en7ltgrge
948 3614 1006 3681 (das
1011 3614 1249 3685 blasiusgebirge),
1261 3635 1283 3672 s.

759 3776 798 3828 lt.
823 3773 1024 3894 effuderat,
1050 3776 1103 3831 wie
1120 3780 1161 3840 12,
1179 3781 1217 3849 ιοΥ
1234 3777 1285 3833 rnit

724 3840 785 3895 dem
798 3840 836 3895 Su
854 3840 1040 3908 jehtmontes.

758 3935 798 3986 16.
811 3933 854 3987 ud
863 3959 896 3969 -
904 3934 1056 4000 planam,
1069 3934 1124 3990 wie
1135 3924 1286 3994 10.‘1.17=

723 3998 1066 4122 {nigrigstgndinoebitur
1077 4024 1111 4044 =
1123 4001 1212 4058 lliesst
1226 4004 1285 4059 ein·

759 4161 880 4239 ludio.
897 4163 932 4214 in
944 4177 1079 4217 cernuo
1095 4185 1129 4205 =
1146 4162 1174 4217 iu
1192 4162 1285 4229 regel-

723 4233 857 4295 urtssrger
869 4225 1135 4309 Sclrlachtordnung·
1152 4234 1194 4287 12.
1206 4234 1237 4297 ῥ3.
1249 4257 1287 4267 -

722 4293 818 4349 baud
828 4310 943 4361 ocare,
961 4311 989 4350 ιιι
1005 4295 1091 4363 Fulge
1109 4297 1201 4352 dieser
1215 4296 1287 4354 Vor-
