2752 4776
174 280 217 345 84
625 296 658 355 Q.
682 293 785 342 cuurr
807 294 888 343 num

124 469 155 517 1e
173 451 259 511 nius?
302 449 391 511 blulta
414 450 444 510 in
460 451 658 528 nosmetipsos
680 446 830 519 recident,
853 449 964 531 quibus
979 448 1080 512 adhuc
1102 450 1239 511 vicimus.
1274 448 1335 511 l'cr·
1370 501 1376 528 ,

173 544 244 595 tuna
267 533 336 595 belli
359 543 452 596 artem
480 536 572 594 victos
600 550 720 613 quoque
748 533 844 597 docet.
888 534 1011 595 Utribus
1039 552 1163 595 amnem
1191 534 1359 597 traiciendi·

174 618 339 698 exemplum
376 619 502 679 fecimus
537 635 649 696 nuper:
692 617 765 688 hoc,
807 626 841 679 ut
877 618 1004 699 Scythae
1046 620 1162 679 imitari
1205 618 1333 687 nescim
1354 608 1368 683 t'·

123 721 154 769 17
173 703 323 764 Bactriani
345 702 503 764 docebunt.
548 702 707 764 Praeterea
728 719 806 763 unus
828 704 926 780 gentis
953 703 1042 765 huius
1069 702 1226 765 exercitus
1250 700 1334 763 adbuc
1357 702 1360 707 '

173 788 267 857 venit,
302 789 396 847 ceteri
423 794 629 865 expectantur.
673 784 716 847 lta
747 784 858 847 bellum
892 786 1011 849 vitando
1043 785 1161 849 alemus
1195 794 1240 857 et,
1268 784 1334 867 quod

124 887 156 936 18
174 872 287 932 interro
316 890 488 949 possumus,
522 872 658 950 accipere
687 888 838 948 cogemur.
887 870 1041 933 Manifesta
1069 878 1117 933 est
1144 870 1261 933 consilii
1283 870 1335 933 md

172 958 257 1017 ratio.
303 956 361 1017 Sed
394 974 432 1016 an
460 955 633 1032 permissuri
665 956 725 1014 sint
751 955 824 1015 mihi
856 955 1034 1017 Macedones
1055 956 1160 1017 animo
1195 956 1236 1017 ull
1263 972 1334 1025 meo,

172 1040 293 1109 dubito,
322 1041 406 1119 quia,
436 1057 472 1099 ex
500 1057 559 1119 quo
587 1037 644 1098 hoc
672 1037 778 1100 vulnus
804 1041 923 1119 accepi,
951 1056 1012 1101 uon
1035 1058 1115 1120 equo
1139 1047 1244 1101 rectus
1268 1054 1334 1107 sum,

172 1143 233 1184 non
260 1123 387 1204 pedibus
419 1125 582 1201 ingressus.
633 1122 692 1183 Sed
725 1125 750 1183 si
778 1141 826 1184 me
857 1126 941 1203 sequi
975 1122 1079 1193 vultis,
1114 1120 1334 1193 volumnum.
1363 1187 1364 1190 ,

173 1208 249 1269 Satis
272 1210 376 1268 virium
393 1216 438 1268 est
460 1206 496 1268 ad
525 1206 679 1267 toleranda
708 1208 778 1268 ista:
807 1214 871 1276 aut,
900 1210 926 1268 si
952 1210 1013 1268 iam
1040 1208 1129 1269 adest
1157 1209 1237 1269 vilae
1261 1222 1362 1269 mett*

121 1308 154 1357 20
172 1293 253 1360 linis,
277 1296 307 1352 in
330 1309 388 1368 qno
411 1291 530 1351 tandem
553 1308 643 1369 opere
665 1290 771 1352 melius
792 1291 967 1370 extinguar?
1009 1290 1092 1353 llaec
1117 1308 1229 1371 quassa
1248 1288 1360 1353 auin*

171 1394 243 1436 voce
270 1375 468 1436 subdeficiens
495 1378 542 1435 vix
571 1376 714 1454 proximis
742 1375 972 1437 exaudientibus
994 1375 1127 1447 dixerat,
1150 1393 1223 1439 curn
1242 1390 1353 1437 omnm-

120 1476 188 1523 tta
222 1468 282 1520 tam
314 1461 472 1539 praecipiti
504 1458 628 1519 consilio
669 1477 771 1537 regem
802 1459 956 1521 deterrere
988 1467 1174 1540 coeperunt,
1211 1458 1333 1541 Ermum

171 1545 313 1614 maxime,
343 1545 409 1624 qui,
444 1542 522 1605 hand
559 1560 630 1604 sane
658 1544 834 1607 auctoritate
867 1545 1028 1624 proficiens
1055 1543 1137 1624 apud
1166 1542 1335 1607 obstinatum

172 1629 316 1697 animum,
354 1628 610 1707 superstitionem,
645 1629 729 1689 cuius
761 1634 867 1706 potens
900 1645 959 1688 non
995 1637 1060 1689 erat
1100 1646 1172 1699 rex,
1212 1632 1335 1691 incutere

171 1713 324 1790 temptavit
347 1711 486 1782 dicendo,
517 1712 588 1773 deos
610 1729 727 1793 quoque
750 1710 869 1773 obstare
891 1710 1015 1773 consilio
1037 1728 1246 1793 magnumque
1262 1712 1335 1793 perl-

120 1812 153 1861 22
171 1794 284 1865 culum,
308 1798 333 1856 si
354 1796 466 1857 ilumen
488 1796 657 1864 transisset,
680 1795 805 1857 ostendi.
841 1796 966 1857 Intranti
981 1795 1102 1875 Erigyio
1117 1794 1335 1860 tubernamtlum

171 1882 252 1958 regis
274 1879 446 1942 Aristander
468 1887 657 1949 occurrerat,
681 1881 777 1941 tristia
801 1889 866 1941 exta
889 1881 981 1941 luisse
1002 1880 1198 1958 significans:
1221 1880 1289 1943 baec
1302 1894 1334 1939 ex

120 1980 153 2030 23
171 1973 236 2025 rate
259 1975 403 2044 conperta
425 1963 564 2045 Erigyius
587 1963 751 2024 nuntiabat.
795 1963 861 2034 Quo
883 1963 1010 2024 inhibito
1024 1962 1200 2026 Alexander
1222 1982 1280 2027 nou
1295 1962 1334 2023 ira

170 2047 281 2119 solum,
298 2049 350 2110 sed
367 2052 456 2110 etiam
471 2048 587 2128 pudore
602 2049 759 2127 contusus,
775 2048 854 2128 qnod
870 2049 1058 2126 superstitio,
1080 2066 1174 2129 quam
1190 2046 1333 2115 celaverit,

118 2147 153 2197 24
170 2132 380 2212 detegebatur,
402 2133 611 2194 Aristandrum
625 2133 725 2192 vocari
746 2131 837 2193 iubet.
882 2131 940 2203 Qui
959 2139 994 2193 ut
1008 2131 1105 2201 venit,
1128 2135 1254 2195 intuens
1266 2146 1332 2197 tum.
1375 2177 1376 2182 κ

172 2216 248 2278 ‘Non
263 2221 340 2287 rex,'
355 2218 460 2295 inquit,
477 2216 541 2277 ‘sed
557 2217 689 2295 privatus
706 2214 800 2299 [sum]
815 2217 994 2277 sacrificium
1009 2223 1044 2276 ut
1056 2216 1179 2278 faceres
1193 2214 1332 2279 mandtrl:
1375 2223 1376 2242 ¹

170 2301 241 2381 quid
264 2320 298 2361 eo
319 2301 566 2379 portenderetur,
596 2318 650 2361 cur
673 2300 749 2378 apud
773 2298 862 2361 alium
892 2318 980 2380 quarn
1009 2298 1088 2380 apud
1119 2318 1170 2361 mc
1192 2300 1333 2381 protum
1375 2339 1376 2374 p

171 2385 220 2444 esi
265 2384 400 2463 Erigyius
422 2401 529 2444 arcana
552 2402 618 2445 mea
640 2392 670 2444 et
697 2391 812 2445 secreta
840 2392 871 2444 te
899 2384 1043 2462 prodente
1071 2386 1230 2462 cognovit,
1255 2398 1333 2464 quem
1374 2379 1376 2452 l

170 2476 300 2538 certum,
324 2467 509 2538 mehercule,
533 2467 629 2529 habeo
652 2477 788 2529 extorum
811 2469 975 2548 interprete
998 2468 1041 2529 uti
1064 2475 1147 2529 metu
1167 2486 1236 2531 suo.
1276 2462 1333 2529 llll
1375 2459 1376 2474 ¹

118 2569 152 2620 25
170 2561 267 2614 autem
287 2554 415 2633 quietius
433 2571 522 2632 quam
530 2569 594 2629 pur
605 2560 649 2612 est
660 2552 816 2613 denuntio:
831 2552 888 2631 ipsi
895 2552 968 2613 mihi
975 2556 1036 2615 inm
1048 2551 1173 2628 indices,
1187 2550 1257 2632 quid
1268 2550 1331 2615 extit

205 2723 245 2775 16.
269 2719 461 2786 exemplum
487 2719 645 2786 fecimus.
679 2717 731 2773 ller
817 2721 858 2772 22.
891 2717 1077 2773 nuntiabat
1109 2737 1146 2763 =
1179 2714 1332 2773 enuntiabat

169 2787 313 2844 Ausdruclr
337 2787 391 2841 wie
412 2791 435 2840 5.
456 2790 503 2850 37;
533 2803 582 2841 zur
605 2784 730 2841 Saches.
782 2789 807 2839 3.
831 2789 855 2838 6.
879 2788 907 2848 7,
934 2784 959 2840 d.
982 2785 1008 2840 h.
1035 2800 1066 2840 er
1094 2783 1196 2841 theilte
1226 2800 1255 2841 es
1280 2780 1331 2839 deu

169 2860 193 2907 5.
215 2859 254 2910 18.
781 2851 872 2919 llinig
888 2851 950 2915 mit,
969 2851 1089 2907 verrieth
1109 2851 1171 2907 dem
1188 2850 1298 2919 libriles.

205 2941 245 2989 18.
265 2938 412 2995 consilii
429 2941 523 2994 ratio
542 2938 597 2991 wie
617 2934 687 2992 oben
705 2941 730 2989 3.
816 2940 858 2990 23.
875 2935 1020 2991 inhibito
1037 2935 1092 2990 wie
1109 2934 1190 3003 loqui
1210 2934 1332 2991 vobim

168 3008 193 3058 7.
215 3008 254 3060 10.
781 3003 909 3059 inhibere
920 3007 960 3057 10.
970 3007 994 3058 2.
1005 3006 1046 3056 13.
1058 3002 1331 3071 -detepebntun

204 3092 246 3140 20.
266 3104 397 3155 quassa
423 3089 535 3143 adhuc
560 3103 641 3142 υσεδ
668 3087 730 3142 ‹mp
780 3070 858 3126 nicht
873 3069 950 3126 bloss
969 3070 996 3124 in
1015 3068 1110 3124 diesen
1122 3068 1194 3134 llall,
1215 3068 1330 3129 sordem.

170 3156 266 3210 immer
300 3156 378 3210 mehr
412 3155 562 3211 zitternder
592 3153 732 3217 Stimme’;
783 3135 1169 3217 Wieesbflffifffllssssfflllsstq·
1179 3136 1330 3203 ubelwil-

170 3222 265 3277 adnue
282 3222 336 3277 wie
354 3225 378 3276 e.
397 3225 421 3276 a.
442 3224 485 3282 12;
505 3224 629 3279 e.a.1s;
648 3221 731 3277 labra
782 3204 871 3260 bauer
889 3203 936 3260 ¹¹³⁵
951 3202 1027 3273 impr.
1048 3232 1083 3241 -
1103 3208 1269 3270 pravatus
1287 3198 1329 3255 ‘⁸1⁵

169 3304 280 3356 quassa
292 3310 326 3331 =
338 3289 488 3343 trementia
505 3289 553 3344 hat
570 3287 680 3344 Seneca.
698 3317 732 3326 —
781 3270 1205 3351 ΡΐῑνᾶῑΡθΐῦθῐῑίθῑὸθωῑῑᾶθΡὶ
1218 3266 1329 3339 Efflll'

170 3355 430 3423 subdeficiens,
446 3355 500 3424 νει,
514 3371 583 3412 „003
597 3355 733 3422 deficiens
784 3337 904 3394 sondern
921 3338 1068 3407 Ansprueh
1085 3336 1136 3393 aul
1151 3336 1308 3394 biseretlun.

169 3424 230 3491 85.
260 3423 297 3503 lla
314 3423 504 3503 subdeficiens
521 3440 575 3479 nur
597 3423 670 3503 noch
688 3422 732 3503 loei
816 3421 1167 3489 24.quem...babeo=
1194 3440 1215 3479 u

168 3495 308 3559 Augustin
335 3492 394 3546 sich
420 3489 518 3553 findet,
546 3490 616 3547 auch
638 3490 682 3546 dre
704 3505 731 3544 m
783 3503 847 3545 eum
938 3490 1036 3546 habeo.
1066 3439 1224 3547 Alexander

168 3559 222 3616 sub
248 3558 374 3626 liegende
403 3557 634 3625 Abscnwachung
655 3557 733 3613 nicht
783 3571 830 3620 an,
857 3555 919 3612 dass
945 3556 1073 3624 Erigyius
1100 3557 1146 3615 die
1178 3550 1329 3625 elgentlielt

169 3642 213 3682 am
238 3625 341 3707 Platae·
358 3626 515 3706 erscheint,
541 3641 572 3681 so
603 3623 672 3692 liegt
701 3640 730 3704 es
783 3622 966 3745 Ausdeutunp
990 3625 1049 3679 inte
1087 3630 1149 3682 rete
1176 3630 1253 3682 metu
1281 3616 1330 3677 sith

169 3695 241 3748 nahe
276 3694 396 3749 subinde
431 3694 567 3762 deficiens
601 3714 635 3734 =
670 3698 731 3746 ‘mit
782 3689 870 3746 selbst
888 3690 950 3758 gebi
962 3690 1008 3746 det
1026 3690 1059 3746 ha
1082 3708 1104 3748 e.

170 3760 372 3817 wiederholten
391 3757 673 3816 Schwichezulillen’
696 3775 730 3813 zu
816 3795 857 3844 25·
883 3791 959 3847 Tibi
979 3797 1104 3855 autem·
1132 3792 1285 3860 Gema„
1303 3800 1331 3841 m

169 3828 340 3884 vermuthen.
541 3927 547 3938 ι
780 3856 920 3926 Erigyius.
943 3884 976 3896 -
997 3860 1121 3938 quietius
1143 3883 1178 3904 ι-
1199 3856 1332 3917 usedmtu.

204 3933 246 3985 21.
264 3929 478 3985 auctoritate
496 3927 521 3981 d.
541 3942 557 3980 ι.
576 3924 663 3981 durch
682 3924 729 3981 das
782 3924 891 3987 lenius,-
924 3925 981 3993 vgl.
1016 3925 1060 3981 dre
1090 3924 1333 3984 ciceronianiceltet

171 3995 296 4051 Gewicht
314 3997 404 4051 seiner
416 3994 520 4050 Persou
538 3992 595 4049 und
612 3991 732 4048 Grimde.
783 3992 904 4073 Phrpsen
914 4000 985 4073 apte·
992 3997 1021 4048 et
1031 3995 1124 4061 quiete
1134 3994 1247 4063 aliquid
1255 3993 1334 4117 lm

170 4060 731 4132 -Profieiensabs.u.metaph.=‘vom
783 4059 887 4116 leniter
898 4067 925 4116 et
936 4065 1027 4128 quiete
1039 4061 1171 4130 colloqui.
1194 4062 1249 4119 ller
1279 4062 1295 4115 b

170 4128 267 4185 Eleclre
297 4128 452 4184 hommend’
484 4130 521 4183 ist
549 4127 675 4196 poetisch
705 4143 731 4181 u.
782 4128 889 4206 meint,¹
910 4127 1070 4184 Aristander
1096 4128 1169 4185 habe
1198 4126 1299 4197 cigentl

170 4197 381 4253 nachclassisch.
410 4224 444 4233 -
472 4197 575 4251 cuius
608 4200 730 4262 potens
783 4207 843 4249 eine
865 4195 918 4250 viel
941 4195 1050 4252 hirtere
1071 4195 1258 4264 Behandlung
1284 4208 1335 4249 rer·

171 4279 237 4318 non
264 4269 341 4319 eret
367 4263 391 4318 d.
420 4264 446 4317 h.
479 4263 539 4317 dem
571 4259 730 4329 gegenirber
781 4261 873 4317 wirlrt.
902 4262 977 4318 Doch
989 4280 1011 4319 s.
1023 4261 1093 4319 uber
1110 4264 1189 4321 disse
1201 4260 1335 4321 verderbtt

170 4329 219 4384 der
232 4329 319 4398 llbnig
332 4326 508 4385 bekanntlich
520 4329 649 4385 schivach
661 4344 729 4383 war.
782 4326 866 4384 Stelle
880 4328 933 4386 den
944 4329 1007 4386 hrit.
1021 4330 1148 4397 Anhang.
1163 4361 1199 4371 -
1212 4330 1337 4389 denunti

42 4375 121 4568 ,ι
