2752 4776
108 195 151 260 90
561 208 594 268 o.
618 208 721 257 cunm
743 209 825 258 nom

108 374 136 427 et
158 367 265 445 pinnas
287 372 402 425 tantum
424 363 514 423 habet
535 384 593 422 -ε
624 381 690 424 cum
719 380 826 426 manus
848 368 993 445 porrigit,
1023 368 1134 445 pinnas
1161 383 1271 446 quoque

55 469 88 517 26
107 448 327 529 conprehende.
377 448 512 524 Denique
540 447 564 506 si
592 447 667 508 deus
694 465 740 518 es,
770 449 904 510 tribuere
930 448 1107 511 mortalibus
1134 448 1271 511 beneficit

107 533 212 601 debes,
235 551 294 593 non
318 549 371 592 sua
394 533 524 610 eripere:
548 532 716 593 sinautem
739 533 828 594 homo
850 551 897 604 es,
926 533 957 593 id
980 535 1059 612 quod
1082 552 1133 605 cs,
1162 550 1272 614 semper

107 636 174 679 esse
196 625 224 677 te
247 618 353 695 cogita.
399 614 525 676 Stultum
556 623 601 676 est
629 633 732 676 eorum
760 618 945 687 meminisse,
973 626 1100 698 propter
1127 634 1207 698 quoe
1236 617 1273 679 tui

56 719 89 768 27
107 701 300 763 obliviscaris.
358 699 471 771 Quibus
503 698 614 762 bellum
642 718 702 760 non
729 699 880 770 intuleris.
913 700 1002 762 bonis
1031 702 1138 765 amicis
1166 703 1273 781 poteris

106 787 159 847 uti.
202 785 277 846 Nam
300 792 329 843 et
349 785 520 845 firmissima
542 792 588 844 est
609 785 686 845 inter
708 803 796 863 pares
817 786 946 847 amicitia
968 794 997 846 et
1020 785 1161 847 videntur
1182 800 1272 865 pares,

55 886 88 936 28
107 873 158 949 qui
180 888 240 930 nou
262 871 398 929 iecerunt
419 868 497 928 inter
519 886 552 928 se
573 868 739 946 periculum
755 871 873 931 virium.
911 870 992 941 Quos
1016 870 1144 943 viceris,
1168 870 1272 931 amicus

107 955 162 1015 tibi
185 973 249 1015 esse
271 970 341 1013 care
364 952 483 1012 credas:
507 953 585 1011 inter
607 953 758 1013 dominum
782 961 812 1014 et
833 971 951 1019 serrum
972 952 1054 1015 nulla
1070 954 1204 1015 amicitia
1223 960 1271 1023 est,

55 1042 195 1103 ucetiam
216 1041 247 1098 in
270 1054 342 1116 pace
363 1035 434 1097 belli
456 1046 554 1097 tamen
577 1039 643 1096 iura
664 1047 843 1115 serrantur.¹
859 1037 989 1099 Iurando
1009 1040 1140 1116 gratiam
1156 1037 1272 1117 Scythas

105 1125 221 1185 sancire
236 1140 275 1182 ne
290 1119 469 1182 credideris:
494 1119 619 1182 colendo
641 1120 731 1182 fldem
750 1122 859 1182 iurant.
898 1122 1082 1183 Graecorum
1103 1124 1163 1182 ista
1183 1122 1271 1183 cautio

107 1214 165 1276 cst,
190 1207 242 1284 qui
263 1214 348 1284 pacta
371 1206 550 1283 consignant
571 1213 601 1264 et
623 1204 695 1267 deos
718 1207 869 1266 invocant:
893 1224 948 1267 nos
966 1204 1149 1284 religionem
1170 1206 1271 1284 tuipsa

106 1291 164 1352 ude
192 1291 341 1368 ponimus.
390 1288 447 1360 Qui
475 1307 533 1349 non
563 1296 739 1350 reverentur
765 1288 918 1359 homines,
954 1287 1061 1351 iallunt
1089 1288 1174 1351 deos.
1216 1288 1270 1350 Nec

54 1389 89 1439 30
106 1374 161 1435 tibi
183 1376 278 1435 amico
300 1390 374 1450 epus
397 1380 454 1442 est,
485 1372 522 1433 de
545 1376 631 1434 cuius
653 1372 851 1435 benivolentia
880 1373 1009 1435 dubites.
1054 1374 1199 1436 Ceterum
1224 1390 1272 1435 noc

106 1467 136 1520 et
156 1461 243 1518 Asiae
265 1464 295 1517 et
316 1457 452 1535 Europae
475 1458 613 1518 custodes
635 1456 773 1518 habebis:
798 1459 918 1528 Bactra,
943 1459 999 1518 nisi
1022 1456 1138 1519 dividat
1159 1458 1269 1531 Tanais,

106 1543 319 1618 contingimus:
348 1539 425 1601 ultra
447 1540 561 1601 Tanain
589 1559 687 1621 usque
714 1541 750 1601 ad
773 1542 931 1603 Thraciam
960 1540 1102 1603 colimus:
1132 1542 1272 1603 Thraciae

104 1625 307 1687 Macedoniam
342 1627 529 1686 coniunctam
564 1643 630 1686 esse
661 1626 738 1685 tama
774 1626 841 1687 sert.
896 1625 1020 1706 Utrique
1059 1627 1191 1705 imperio
1224 1634 1271 1687 tno

105 1710 246 1770 finitimos
268 1708 369 1769 hostes
392 1726 428 1769 an
452 1711 563 1769 amicos
585 1708 657 1769 veiis
680 1727 762 1788 esse,
794 1706 970 1770 considera'.
1015 1709 1097 1771 Haec
1119 1708 1268 1771 barbarus

104 1892 208 1948 hussen
234 1891 402 1959 darnestallo
425 1919 458 1929 -
475 1891 528 1946 Der
549 1890 666 1971 ltelativ·
718 1891 794 1949 chen.
814 1920 847 1929 -
869 1891 1013 1972 colendo
1034 1890 1146 1953 fidem
1161 1912 1197 1935 =·
1210 1904 1268 1972 'sen

104 1957 665 2108 tituta·tttt}{¹¹³tttt¹³tt¹¹tz
714 1959 1061 2106 titttattttt'tt
1079 1958 1269 2105 trinit·

104 2095 182 2149 mcht
203 2094 292 2149 selten
314 2093 452 2160 deraruge
475 2092 665 2148 antbehrbcbe
716 2097 818 2148 structa.
834 2121 868 2131 -
888 2093 1110 2149 Graecorum.
1139 2091 1269 2149 hredde·

103 2160 605 2227 urrauterungen,z.n.e.1o.a;e.
625 2164 664 2215 11.
717 2160 786 2215 oben
813 2159 906 2240 gulten
932 2159 976 2215 bei
1002 2160 1055 2216 den
1085 2160 1206 2216 homero
1233 2156 1268 2213 ab

105 2231 134 2290 ὃς
153 2232 220 2284 7.·9.
239 2232 266 2290 1;
284 2231 309 2282 8.
328 2233 353 2284 2.
370 2231 417 2290 2⁰:
441 2230 466 2279 8.
485 2231 524 2283 11.
543 2231 572 2290 6;
596 2230 620 2281 9.
639 2230 664 2282 2.
715 2224 893 2294 leicbtsrnnig
905 2226 961 2282 und
979 2227 1007 2282 in
1022 2226 1209 2296 Jedcheise
1224 2240 1268 2281 mr·

106 2299 147 2350 17.
181 2294 249 2349 Hart
271 2295 308 2349 ist
326 2294 376 2349 der
393 2293 536 2357 tndihativ‚
560 2294 662 2349 dadas
715 2292 897 2361 concussio
926 2293 1011 2349 daber
1037 2292 1132 2361 hanun
1153 2290 1267 2349 husitide

105 2363 169 2417 sine
183 2361 308 2483 §sedibus
329 2375 393 2416 esse
415 2378 468 2416 nur
490 2361 530 2416 als
549 2361 664 2416 Ansioht
715 2374 803 2427 gegen
822 2361 901 2416 ihren
913 2359 1145 2416 Volbscbarahter
1162 2360 1207 2416 bet
1222 2358 1268 2415 deu

105 2428 154 2484 der
203 2429 304 2494 cythen
337 2435 485 2507 ausgesagt
517 2427 598 2484 wird.
630 2456 664 2507 Τ
715 2430 784 2482 rdm.
807 2426 1034 2507 Schriftsteliern.
1075 2427 1134 2495 vgr.
1161 2427 1267 2509 cheud

104 2494 664 2642 &iniistihiddimiidtiiii'ntii
715 2499 803 2641 {fb
824 2494 922 2625 itt
940 2495 1062 2618 {itii
1076 2511 1110 2605 Ξ
1126 2495 1266 2618 titt:

105 2630 202 2694 bietet,
222 2633 262 2686 sei
280 2630 379 2687 daraui
395 2629 524 2693 bedacht,
543 2631 605 2686 dass
624 2644 663 2685 sre
716 2628 777 2684 ber.
815 2628 968 2694 Invocant,
992 2635 1109 2696 ergtnze
1131 2635 1225 2686 testes.
1238 2653 1267 2664 -

104 2700 180 2754 nicht
199 2698 335 2755 entssiebe.
716 2712 777 2752 noc
801 2697 1006 2764 relictonem
1033 2704 1084 2751 etc.
1112 2694 1194 2752 Sina:
1221 2694 1266 2749 wir

138 2765 664 2834 26.id‚quoderwiesuspicotus
716 2763 796 2829 legen
823 2779 951 2819 unserem
982 2762 1124 2819 blossen
1162 2764 1265 2819 Wcrte

104 2834 135 2888 id
156 2836 232 2901 quod
256 2840 333 2898 erat,
361 2832 417 2888 biv.
435 2836 475 2887 27.
498 2837 540 2887 47.
563 2836 588 2887 2.
626 2831 664 2886 Zu
716 2839 760 2896 iso
787 2829 830 2886 oft
852 2832 926 2898 fides
952 2853 986 2873 =
1005 2831 1191 2897 promissum)
1214 2828 1265 2885 bin·

104 2901 664 2968 esseerg.bominem.-meminisse,
716 2897 803 2953 dende
821 2897 899 2953 Krait
918 2896 1106 2966 (reticionem)
1129 2897 1184 2954 bei.
1215 2896 1265 2953 Re

105 2966 195 3021 indem
222 2983 284 3024 man
312 2967 432 3022 darnacb
461 2966 585 3028 strebt;
616 2966 665 3021 der
715 2966 781 3031 tinio
803 2964 841 3020 ist
863 2966 932 3021 auch
959 2963 1003 3020 hei
1031 2964 1187 3021 Classikern
1207 2960 1264 3019 viet-

105 3035 256 3099 Gegensatz
296 3034 525 3090 obliviscaris
569 3049 664 3088 varan·
716 3032 788 3087 iactr:
826 3032 871 3088 die
902 3032 949 3088 das
974 3032 1117 3087 Gewissen
1140 3030 1264 3088 bindcude

105 3100 188 3156 lasste
211 3101 256 3156 die
278 3101 359 3156 Wabl
383 3099 430 3155 des
453 3101 573 3156 Wortes.
618 3100 664 3155 Bei
715 3099 751 3154 att
773 3098 877 3155 emeine
917 3099 984 3155 oder
1023 3098 1156 3167 specieile
1195 3098 1263 3155 Ver·

105 3184 204 3223 eorum
232 3168 269 3222 ist
303 3185 336 3222 an
366 3166 540 3228 Reicbtbum‚
575 3166 664 3222 hlacbt
714 3114 924 3246 pidicbtunffl
943 3166 996 3234 vgt.
1014 3167 1154 3234 relictoue
1175 3164 1263 3227 tenui

103 3252 130 3291 u.
150 3233 206 3301 dgl.
224 3250 258 3288 zu
279 3233 394 3290 derben.
714 3234 860 3300 obstrznqi.
890 3262 923 3272 -
950 3249 1036 3301 opus
1054 3240 1108 3290 est
1124 3233 1181 3291 wie
1203 3230 1263 3289 oben

138 3305 179 3357 27.
197 3301 295 3357 honis
317 3301 446 3357 amicis.
470 3301 506 3357 So
524 3299 663 3356 braucben
713 3300 732 3367 8
751 3304 784 3353 20
801 3302 910 3357 diuitiis
927 3317 1000 3368 opus
1018 3307 1070 3357 est.

104 3369 174 3424 auch
192 3367 237 3424 die
250 3368 385 3425 Classiher
402 3368 493 3424 bonus
506 3366 615 3436 (alicui)
630 3391 664 3411 =
748 3372 789 3423 30.
805 3367 974 3433 Ceterum,
987 3367 1206 3433 abscbtiessend‚
1217 3364 1263 3421 wir

104 3436 239 3504 ‘geneigt
259 3442 415 3504 gewogen’.
715 3434 810 3491 diters.
845 3435 955 3492 Ebenso
972 3437 1118 3492 deterere
1140 3440 1166 3492 4.
1190 3436 1261 3489 1.1t

137 3508 178 3558 28.
199 3504 282 3560 delli
358 3506 439 3560 iura
457 3510 661 3565 seruantur,
713 3531 748 3542 -
766 3504 837 3559 nisi
854 3504 989 3560 diuidet
1005 3525 1040 3546 =
1057 3505 1117 3558 nisi
1135 3502 1210 3570 quod
1227 3498 1262 3577 di3

103 3573 244 3627 ‘berrscbt
277 3573 305 3626 in
340 3572 426 3627 ibrem
459 3571 581 3626 Verkebr
615 3571 662 3626 das
714 3570 797 3650 cidit,
820 3571 935 3650 wie'im
957 3570 1153 3626 Griecbiscben
1181 3566 1208 3622 et
1230 3582 1261 3633 rm

102 3637 662 3706 Kriegsrecht,stehensieauidem
713 3660 747 3681 =
773 3656 818 3691 on
847 3656 900 3704 μη,
934 3636 1125 3704 abgeseben
1155 3638 1260 3692 daron,

102 3705 589 3773 Kriegsiussemiteinander’.
610 3705 662 3760 her
713 3705 799 3762 dass.
834 3705 906 3760 Ganz
930 3703 1031 3760 ebenso
1054 3703 1150 3760 Horat.
1169 3702 1261 3773 cpul·

102 3774 254 3855 degensatz
281 3774 329 3829 ist:
357 3776 403 3831 ius
429 3775 571 3829 amicitiae
595 3771 662 3827 oder
714 3774 1053 3834 16.5continuimontes‚
1072 3774 1104 3826 ni
1117 3772 1261 3852 disseder-

104 3840 413 3964 andgrtduffiugndlometo.
442 3907 564 3965 Connex:
577 3908 662 3964 auch
713 3840 973 3962 gttlghdpgtcrgngduze:
998 3838 1162 3963 liter-Tigna}
1184 3850 1261 3959 {aa

103 3975 325 4031 Eidscbwure
347 3976 482 4032 sicbern
510 3976 564 4031 ein
591 3975 660 4031 sot·
713 3976 887 4029 carminum·
903 3977 961 4030 sint
978 3972 1261 4041 (angenommen-

103 4044 198 4097 obes
230 4042 495 4099 Verbiltniss
518 4042 661 4110 (qratiam)
714 4057 743 4097 es
762 4041 831 4108 gebo
848 4041 953 4108 keine);
975 4042 1035 4096 Ter.
1053 4040 1139 4097 Andr.
1156 4044 1181 4096 ⁵2,
1198 4036 1260 4095 1.1⁰

103 4110 211 4169 nichtz
230 4110 387 4166 ausserdem
408 4111 514 4166 hennon
532 4110 576 4166 die
594 4110 661 4178 Scy·
713 4114 744 4165 tu
755 4109 1023 4174 dicrists(gesetat‚
1034 4100 1260 4184 duwaresthier).
1309 4156 1311 4161 .

102 4177 167 4231 tben
186 4177 277 4232 nicbts
298 4178 458 4245 derartiges.
493 4179 545 4233 her
562 4177 661 4234 blittel-
712 4176 802 4231 indam
823 4176 895 4231 obne
907 4174 1057 4253 Rdchsicbt
1074 4176 1124 4231 aui
1143 4169 1260 4241 hogtru-

103 4244 225 4308 gedanhe
248 4245 285 4299 ist
309 4244 373 4300 aber
395 4246 472 4300 nicht
494 4260 660 4313 ausgespro-
713 4242 769 4299 heit
781 4242 837 4298 und
848 4241 1067 4309 Unmdglicbhert
1079 4243 1139 4298 eine
1150 4238 1260 4299 einiache

906 4484 921 4513 ἱ
1023 4524 1026 4529 .
