2752 4776
492 1124 539 1222 Q.
570 1120 765 1205 OURTI
792 1123 947 1206 RUFI

593 1303 845 1360 HISTORIARUM

291 1459 815 1559 ALEXANDRI
859 1461 1148 1560 MAGNI

554 1641 881 1709 Maonoonra

644 1827 754 1883 LIBER
773 1829 802 1886 V.

656 1967 733 2029 Gur.
756 1967 779 2027 l.

95 2144 116 2191 1
221 2118 303 2190 Quae
337 2121 456 2181 interim
485 2119 576 2180 ductu
597 2119 785 2198 imperioque
807 2117 967 2179 Alexandri
995 2117 1041 2180 vel
1062 2120 1093 2180 in
1116 2120 1239 2183 Graccis
1252 2119 1332 2184 rell

133 2201 241 2281 lllyriis
263 2222 297 2264 ac
320 2202 447 2264 Thracia
468 2212 551 2280 gesta
573 2209 656 2271 sunt,
680 2204 790 2263 sisois
811 2220 947 2282 quaeque
969 2203 1155 2282 temporibus
1176 2202 1303 2269 reddere

99 2286 268 2358 proluero,
300 2285 564 2364 interrumpendae
591 2292 660 2346 sunt
686 2303 736 2346 res
763 2285 863 2357 Asiae,
898 2305 972 2367 quas
998 2290 1102 2367 utique
1134 2289 1172 2350 ad
1205 2290 1304 2369 lugam

134 2379 321 2450 mortemque
348 2371 436 2432 Darei
459 2371 612 2432 universas
638 2370 670 2430 in
693 2378 886 2450 conspectum
913 2372 978 2431 dari
1002 2380 1045 2443 et,
1074 2374 1151 2435 sicut
1171 2375 1252 2435 inter
1272 2390 1305 2435 sc

134 2455 309 2524 cohaerent,
341 2456 382 2514 ita
409 2473 501 2535 opere
528 2455 594 2533 ipso
622 2455 762 2535 coniungi
788 2454 868 2515 haud
894 2454 983 2534 paulo
1003 2457 1101 2535 aptius
1129 2457 1226 2519 videri
1252 2476 1305 2539 po·

134 2550 202 2602 lest.
255 2541 364 2619 Igitur,
394 2556 470 2617 quae
503 2536 618 2618 proelio
650 2539 729 2619 apud
754 2537 862 2600 Arbela
884 2542 1053 2605 iconinoota
1085 2550 1168 2614 sunt,
1205 2543 1307 2605 ordiar

133 2626 242 2686 dicere.

98 2725 115 2772 a
219 2710 332 2771 Dareus
353 2709 450 2771 media
472 2709 535 2770 lere
550 2715 637 2770 nocte
648 2706 754 2770 Arbela
777 2715 968 2786 pervenerat,
992 2708 1158 2790 eodemque
1180 2730 1308 2791 magnae

98 2795 226 2871 apartis
248 2796 411 2855 amicorum
431 2795 494 2854 eius
521 2811 556 2855 ac
576 2792 704 2854 militum
732 2791 832 2871 lugam
861 2791 977 2853 lortuna
1000 2793 1184 2874 conpulerat.
1236 2795 1308 2866 Qui·

132 2877 189 2936 bus
211 2879 378 2939 convocatis
400 2878 534 2957 exponit,
556 2876 635 2938 baud
658 2875 794 2938 dubitare
816 2894 862 2945 se,
886 2878 958 2955 quin
978 2876 1147 2941 Alexander
1170 2879 1307 2944 celeber-

133 2961 224 3020 rimas
245 2960 336 3022 urbes
350 2965 497 3038 agrosque
512 2962 592 3022 omni
607 2962 693 3040 copia
714 2979 816 3021 rerum
832 2960 1017 3023 abundantes
1038 2964 1188 3041 petiturus
1211 2974 1307 3029 esset:

99 3043 275 3123 5praedam
298 3045 426 3123 opimam
454 3052 647 3122 paratamque
675 3047 826 3124 ipsomet
853 3045 962 3107 milites
990 3047 1053 3107 eius
1075 3058 1225 3127 spectare.
1274 3048 1307 3113 ld

134 3129 195 3188 suis
211 3127 303 3188 rebus
325 3125 376 3187 tali
397 3129 522 3188 instato
543 3127 630 3189 saluti
652 3128 733 3198 lore,
756 3130 865 3209 quippe
882 3148 914 3190 se
936 3129 1054 3191 deserta
1076 3149 1145 3194 cum
1168 3134 1308 3214 expedita

133 3229 222 3273 manu
244 3211 415 3290 petiturum.
466 3210 574 3273 Ultima
597 3215 683 3291 regni
705 3213 750 3272 sui
772 3212 867 3274 adhuc
889 3216 998 3275 inlaota
1023 3233 1102 3287 esse,
1132 3218 1204 3279 inde
1228 3218 1309 3281 bello

355 3412 376 3463 O
439 3414 452 3463 Ι
744 3380 1310 3446 ‘auweisen’c.dat.,wienomenoli·

378 3428 421 3464 ΑΡ·
456 3450 461 3462 ’
742 3448 799 3511 cci,
811 3447 936 3504 bonores
947 3449 1118 3515 corporibus
1130 3452 1266 3509 reddere.

168 3519 191 3568 1.
201 3515 227 3568 d.
239 3516 281 3568 im
311 3512 691 3580 erioqued.b.‘unterdem
777 3518 802 3568 2.
826 3517 1015 3570 universas
1035 3539 1069 3559 =
1090 3518 1149 3573 ‘im
1170 3518 1307 3575 Zusam·

131 3531 551 3646 uberbefehlimnultrage’.
568 3579 692 3637 Gemeint
743 3580 930 3646 menhang’;
954 3583 982 3638 b.
999 3584 1110 3704 faulo
1127 3588 1250 3653 aptius

133 3647 195 3703 sind
208 3648 253 3703 die
270 3648 374 3703 Thaten
386 3647 545 3716 Antipaters
565 3648 593 3702 in
605 3647 692 3704 blace-
740 3654 867 3715 potest,
880 3648 986 3704 litotes
1011 3653 1058 3705 dr:
1077 3668 1107 3707 es
1119 3668 1198 3709 muss
1208 3653 1308 3722 jedeo-

132 3715 242 3780 donien,
255 3713 455 3771 Griecbenland
467 3714 523 3771 und
540 3713 592 3770 den
605 3714 691 3771 Nacb·
743 3715 806 3771 falls
819 3714 859 3771 als
866 3715 919 3771 viel
925 3730 1121 3783 angemessner
1132 3721 1305 3777 erscbeinen.

131 3782 304 3839 barlandern.
337 3783 443 3838 ductu
466 3782 504 3838 ist
526 3780 649 3838 berecbti
671 3791 691 3848 t,
778 3787 1037 3849 npervenerat,
1054 3785 1204 3852 vgl.4.1o.
1219 3792 1244 3845 9.

130 3849 337 3907 insolernblex.
349 3849 481 3905 nominell
491 3848 541 3905 der
550 3797 692 3906 coerulu-
776 3855 802 3905 4.
814 3850 873 3907 cel.
887 3851 1007 3916 urbes,
1025 3853 1159 3931 zunlcbst
1171 3853 1307 3924 Babylon,

131 3917 560 3987 herrdberallemacedon.l¹mp
581 3932 614 3973 en
624 3933 691 3974 war.
743 3916 815 3973 dano
828 3918 897 3973 anob
906 3916 1075 3986 Persepolis,
1088 3919 1227 3978 Ecbatana
1237 3929 1304 3984 etc.;

131 4011 165 4020 —
177 3983 329 4049 illyriis.
351 3934 691 4052 nullallendistlleweg-
743 3990 906 4051 spectare
922 4007 956 4028 =
972 3986 1069 4042 hatten
1085 4003 1139 4042 nur
1156 3988 1194 4043 im
1211 3989 1303 4057 noge:

131 4049 247 4128 lassung
259 4049 307 4106 der
319 4050 509 4119 Prapositiom
522 4051 593 4108 doch
606 4050 692 4108 findet
743 4053 888 4119 opimam
896 4058 1128 4122 paratamque
1139 4078 1174 4098 =
1186 4056 1263 4113 reich
1275 4072 1303 4112 n.

133 4117 191 4172 sich
214 4117 289 4171 mese
305 4117 409 4186 Ellipse
430 4119 458 4173 in
479 4118 614 4186 analogen
631 4118 691 4175 nal-
742 4118 814 4175 nocb
828 4118 896 4184 dazu
908 4136 940 4175 so
953 4118 1240 4188 leichtzugewinnen,
1252 4138 1302 4178 un·

132 4182 178 4237 len
196 4184 344 4239 vereinzelt
361 4185 448 4241 sehon
466 4184 510 4241 bel
528 4185 691 4250 Classibern,
742 4185 888 4242 bescbiltzt
899 4186 1051 4254 daliegend.

129 4248 691 4321 vglnippernzuNepae-reddere,
777 4259 802 4310 5.
816 4254 902 4311 bello
915 4257 1025 4322 vireo,
1037 4254 1108 4313 llinl.
1120 4254 1148 4325 S.
1160 4260 1224 4314 bea.

90 4370 196 4424 A
