2752 4776
308 278 552 328 niscoaranuu
576 278 783 326 russanum
804 278 899 346 vnn,
921 273 946 329 c.
968 275 992 324 c.
1171 262 1233 327 179

60 432 217 513 linquique
250 435 349 494 animo
383 453 436 495 rex
470 441 500 494 et
533 432 660 510 caligine
689 432 782 495 oculis
804 432 897 494 offusa
927 432 1005 495 velut
1036 432 1234 496 moribundus

61 517 194 580 extendi.
250 518 383 597 Cumque
422 518 602 596 profluvium
643 517 867 579 medicamentis
906 518 1016 579 frustra
1052 517 1231 588 inhiberent,
1251 538 1284 587 29

60 600 175 663 clamor
196 600 285 662 simm
307 610 397 682 atque
419 601 553 681 ploratus
576 603 738 663 amicorum
757 603 856 662 'oritur
877 619 980 679 regem
995 604 1146 682 expirasse
1167 621 1232 664 ere-

59 685 206 749 dentium.
258 686 392 747 Tandem
421 686 551 748 constitit
578 688 699 765 sanguis
726 683 927 766 paulatimque
958 687 1087 747 animum
1119 689 1234 766 recepit

58 777 89 832 et
110 770 340 831 circumstantes
369 773 468 850 coepit
494 770 687 848 adgnoscere.
731 771 806 831 Toto
830 788 865 831 eo
889 770 935 830 die
964 789 998 832 ac
1024 778 1126 840 nocte.
1156 789 1232 852 quae
1249 792 1283 841 30

57 862 164 916 secuta
197 863 255 926 est,
290 863 422 915 armatus
453 856 601 916 exercitus
632 856 745 932 regiam
779 854 895 915 obsedit
928 855 1095 925 confessus
1129 874 1233 916 omnes

57 939 149 1000 unius
171 941 281 1018 spiritu
303 941 412 1000 vivere.
457 939 517 1001 Nec
540 941 624 1018 prius
646 946 852 1010 recesserunt,
876 958 964 1020 quam
987 946 1163 1017 conpertum
1188 948 1234 1000 est

56 1040 166 1083 somno
188 1022 339 1102 paulisper
362 1024 566 1103 adquiescere.
611 1023 688 1084 Hine
709 1025 868 1084 certiorem
890 1041 973 1102 spem
989 1022 1093 1084 salutis
1115 1026 1180 1084 eius
1201 1025 1232 1084 in

57 1113 156 1170 castra
179 1107 369 1168 rettulerunt.

572 1259 649 1321 Cae.
672 1258 719 1318 Vl.

10 1370 47 1439 23
142 1375 208 1436 Rex
228 1395 275 1437 v11
298 1375 403 1436 diebus
426 1385 529 1437 curato
552 1375 674 1437 vulnere
697 1376 824 1436 necdum
839 1375 967 1436 obducta
983 1378 1137 1441 cicatrice,
1162 1395 1263 1444 cum1

57 1458 190 1520 audisset
218 1460 400 1521 convaluisse
429 1460 506 1540 apud
535 1458 680 1522 barbaros
713 1459 823 1520 lamam
854 1463 960 1521 mortis
994 1477 1079 1528 suae,
1115 1461 1230 1523 duobus

55 1543 183 1622 navigiis
205 1544 315 1605 iunctis
330 1546 421 1606 statui
444 1546 473 1604 in
497 1544 626 1606 medium
642 1545 774 1622 undique
791 1547 983 1623 conspicuum
1008 1544 1231 1607 tabernaculum

55 1628 161 1698 iussit,
185 1645 221 1687 ex
245 1646 302 1706 quo
325 1647 358 1690 se
380 1628 553 1690 ostenderet
574 1630 688 1708 perisse
705 1628 909 1690 credentibus:
934 1636 1171 1709 conspectusque
1193 1629 1230 1691 ab

55 1711 165 1772 incolis
186 1728 270 1789 spem
303 1713 434 1774 hostium
468 1711 541 1774 lalso
570 1713 674 1773 nuntio
703 1721 877 1792 conceptam
906 1713 1043 1774 inhibuit.
1093 1714 1265 1782 Secundus

56 1795 168 1858 deinde
190 1815 276 1857 amne
305 1796 445 1865 deduxit,
476 1797 659 1876 aliquantum
680 1796 830 1858 intervalli
857 1816 873 1859 a
896 1804 996 1857 cetera
1024 1796 1117 1859 classe
1144 1817 1232 1877 prae·
1340 1802 1344 1809 '

56 1881 187 1961 cipiens,
221 1899 260 1941 ne
290 1884 376 1961 quies
409 1881 594 1960 perinvalido
627 1880 724 1941 adbuc
761 1883 928 1942 necessaria
960 1879 1048 1960 pulsu
1079 1899 1230 1943 remorum

55 1964 257 2045 inpediretur.

144 2047 270 2119 Quarto,
294 2057 452 2129 postquam
467 2050 776 2127 navigardcoeperat,
802 2048 851 2109 die
871 2050 1008 2129 pervenit
1030 2052 1060 2109 in
1076 2052 1231 2127 regionem
1250 2070 1266 2118 3

60 2133 211 2195 desertam
235 2133 354 2212 quidem
378 2132 415 2195 ab
436 2132 555 2202 incolis,
584 2133 637 2193 sed
664 2134 815 2194 frumento
839 2140 868 2193 et
895 2133 1055 2213 pecoribus
1078 2133 1231 2195 abundan-

58 2224 131 2277 tem.
177 2217 292 2278 Placuit
313 2219 338 2277 is
366 2217 449 2278 locus
472 2218 558 2278 etad
588 2236 672 2280 suam
701 2226 730 2276 et
756 2217 793 2277 ad
821 2215 947 2277 militum
974 2218 1119 2297 requiem.
1169 2220 1267 2285 Mose

60 2309 126 2363 erat
155 2301 342 2380 principibus
375 2304 540 2362 amicorum
570 2309 599 2361 et
627 2301 800 2362 custodibus
828 2302 964 2380 corporis
988 2301 1135 2363 excubare
1164 2310 1231 2364 ante

57 2386 257 2465 praetorium,
305 2389 445 2465 quotiens
493 2386 616 2447 adversa
660 2389 725 2463 regi
773 2384 902 2445 valitudo
943 2385 1106 2446 incidisset.
1167 2388 1232 2447 Hoc

57 2476 124 2532 tum
161 2488 278 2549 quoque
320 2488 404 2531 more
447 2479 563 2531 servato
611 2472 745 2531 universi
781 2468 959 2531 'cubiculum
1003 2473 1068 2531 eius
1111 2473 1230 2532 intrant.

55 2676 91 2691 -
108 2652 264 2708 extendi.
295 2650 384 2719 Vergl.
404 2651 484 2719 Verg.
508 2654 574 2708 Aen.
594 2656 617 2709 5.
670 2653 806 2716 nuntio,
830 2660 901 2706 etwa
921 2675 955 2695 =
974 2652 1014 2706 ad
1033 2653 1143 2721 salsum
1164 2670 1229 2711 eum

55 2722 109 2773 374
124 2718 226 2787 fulva
243 2720 478 2775 moribundum
495 2727 618 2776 exten·
674 2720 813 2775 nuntium.

55 2786 111 2842 dr't
128 2801 246 2842 arena.
702 2790 726 2841 2.
744 2801 811 2842 sec.
831 2804 856 2842 e.
879 2786 1048 2854 defluxit,
1074 2787 1128 2841 wie
1146 2793 1170 2843 3.
1184 2792 1229 2857 24·

667 2853 741 2909 Nach
753 2853 851 2908 Arrian
865 2854 899 2919 (6.
913 2855 955 2919 13)
971 2870 1030 2909 war
1047 2854 1137 2910 dieser
1149 2854 1229 2911 Fluss

88 2923 132 2975 29.
150 2920 313 2987 ploratus
329 2920 367 2975 ist
385 2921 432 2976 das
451 2921 525 2977 laute
541 2921 617 2976 Wei·
668 2920 718 2976 der
734 2920 902 2988 Hydraotes,
920 2921 949 2974 in
961 2921 1061 2976 dessen
1072 2921 1147 2978 Naba
1159 2923 1228 2978 nach

55 3002 123 3051 nen;
142 2988 194 3042 mit
210 2987 318 3043 clamor
330 2987 489 3044 verbunden
504 2988 573 3044 auch
592 2994 615 3041 3.
667 2987 724 3043 ihm
748 2987 792 3042 die
813 2986 986 3056 lielagerung
1010 2988 1059 3044 der
1080 2989 1158 3045 Stadt
1181 2990 1230 3045 der

56 3058 98 3109 1⁰.
124 3083 153 3094 -
178 3058 325 3122 recepit,
349 3057 403 3111 wie
426 3060 450 3111 6.
473 3060 497 3109 9,
521 3061 545 3111 2.
580 3054 616 3111 So
669 3053 743 3110 llalli
766 3052 799 3122 (s.
823 3054 894 3109 oben
922 3055 966 3110 die
989 3058 1067 3111 Anm.
1091 3059 1228 3124 autad)

55 3129 119 3191 aagt
149 3120 177 3179 G.
207 3124 278 3179 auch
311 3125 441 3190 recipere
474 3125 617 3191 spiritum,
669 3120 877 3189 stattgeiunden
904 3123 987 3179 batte.
1026 3126 1067 3178 An
1095 3124 1156 3179 dem
1178 3124 1230 3180 Zu-

55 3204 169 3255 voeem,
187 3189 324 3256 calorem,
344 3192 430 3246 eires.
670 3187 860 3245 sammenlluss
883 3191 932 3245 des
949 3189 1034 3257 Hydr.
1056 3208 1082 3247 u.
1102 3192 1230 3248 Acesines

670 3263 817 3312 erwartele
841 3256 893 3311 den
910 3256 1003 3325 lldnig
1025 3258 1072 3313 das
1092 3258 1162 3316 Gros
1181 3259 1229 3315 des

88 3328 132 3378 30.
155 3327 260 3380 unius
286 3327 433 3391 spiritu,
459 3324 514 3391 vgl.
542 3330 566 3380 3.
592 3327 617 3378 6.
668 3323 771 3378 Heeres
798 3332 881 3379 unter
901 3323 1069 3392 Hephaestio
1097 3343 1124 3406 q.
1146 3327 1230 3382 Near-

55 3393 513 3453 10;d.4.19.-rettulerunt.
539 3391 617 3446 Auch
669 3391 748 3445 chus.
770 3419 804 3428 —
828 3392 1069 3458 perinvalido,
1097 3411 1149 3445 απ.
1175 3391 1228 3458 sio.

54 3456 151 3514 Cicero
178 3466 239 3525 sagr
259 3459 368 3528 fulsum
385 3475 477 3525 spem,
501 3460 618 3524 innomi·
670 3457 815 3512 Vielleicht
833 3458 1026 3514 verscbrieben
1046 3476 1094 3514 aus
1113 3463 1231 3527 corpori

53 3526 302 3649 ”la'ss’prsslcffl
313 3527 491 3649 (mbillbnum
501 3526 617 3593 referre
668 3525 804 3647 :magalaz
808 3541 834 3646 's
853 3530 889 3648 ΞΟ
890 3530 914 3580 9.
916 3530 973 3659 pl}
990 3530 1230 3649 ‚gexatticnems

53 3616 88 3637 =
299 3611 362 3651 mne
427 3611 453 3650 n.
895 3611 912 3647 r
962 3611 993 3647 rr
1052 3612 1123 3660 par
1163 3611 1229 3651 non

667 3666 816 3728 poterat.

269 3776 331 3831 cap.
351 3776 399 3830 Vl,
669 3753 937 3883 ral'spbicnlrbbb‘s'
980 3753 1068 3809 Ueber
1091 3758 1143 3810 den
1164 3754 1228 3810 Plu·

87 3917 111 3969 1.
142 3910 204 3968 1⁷11
222 3913 352 3969 diebus.
393 3912 614 3970 Plutulliod.
706 3915 731 3967 4.
772 3917 853 3967 unte
889 3917 1116 3979 praetorium.
1173 3914 1227 3971 Zur

53 3981 191 4049 sprechen
220 3997 274 4036 von
309 3979 448 4047 ‘tangerer
476 3980 554 4036 Zeit'.
582 4008 616 4018 —-
668 3979 754 4035 Saehe
767 3996 788 4034 s.
801 3981 825 4033 8.
838 3983 862 4032 6.
876 3984 917 4036 22.
935 4010 968 4017 -
986 3985 1131 4037 intrant.
1166 3981 1227 4038 blan

53 4051 167 4105 statui
188 4050 224 4102 r‘n
246 4050 391 4104 medium
407 4069 441 4091 =
463 4045 505 4107 εἰς
527 4043 616 4114 μέσον
666 4046 794 4102 vermisst
817 4046 860 4100 ein
878 4048 1044 4115 temporales
1064 4047 1228 4105 adverbium

55 4116 206 4170 ἵστασθαι.
259 4114 285 4171 S.
315 4114 384 4170 liinl.
418 4112 445 4170 S.
475 4119 506 4167 19
537 4117 615 4170 Anna.
668 4114 722 4169 wie
739 4114 839 4170 subito.
876 4114 934 4182 Vgl.
951 4115 1019 4170 Einl.
1038 4115 1138 4181 8⁶²³·
1175 4116 1228 4174 Ve—

51 4183 145 4240 burch
168 4182 216 4238 das
234 4181 378 4238 lirricbten
400 4180 448 4236 des
466 4181 555 4237 Zeltes
573 4182 614 4235 in-
667 4186 772 4236 nerent
794 4204 828 4224 =
850 4185 1046 4244 intraverunt·
1072 4183 1148 4239 wohl
1173 4200 1228 4240 nur

52 4249 437 4315 mittenzweiernalrrzeuge
451 4249 548 4303 wurde
567 4248 614 4303 das
667 4256 788 4316 gesetat,
816 4266 862 4306 um
895 4252 944 4306 mit
971 4250 1022 4306 den
1051 4250 1167 4307 Worten
1193 4269 1227 4307 zu

53 4315 211 4375 Schaulceln
245 4316 421 4373 vermindert.
453 4343 486 4352 -
519 4315 615 4383 falso
667 4316 816 4373 wechseln.

984 4403 1038 4453 W
