2752 4776
93 198 134 262 92
546 212 577 271 o.
601 210 704 259 cunrr
726 211 805 259 nuru

94 368 211 429 vibrare
238 375 392 448 poterant,
426 384 495 427 cum
528 368 612 445 prior
640 366 736 428 standi
764 367 828 426 sine
858 364 991 443 periculo
1025 382 1112 444 quarn
1146 364 1253 427 bostem

92 450 261 514 incessendi
283 468 354 511 cura
370 459 456 511 esset.
496 451 658 512 Tormenta
673 450 759 512 saluti
782 450 916 519 fuerunt,
939 448 1051 527 quibus
1064 450 1098 509 ln
1112 448 1255 511 conlertos

59 554 128 602 sac
157 545 270 597 temere
300 554 332 596 se
361 536 521 596 ollerentes
543 534 621 596 baud
648 535 758 595 lrustra
781 552 904 595 excussa
927 541 997 594 sunt
1026 533 1097 594 tela.
1140 532 1257 595 Barbari

94 639 213 700 quoque
236 622 387 698 ingentem
418 622 476 679 rim
505 620 679 697 sagittarum
712 619 850 680 infudere
879 617 995 679 ratibus
1028 618 1140 695 vixque
1171 616 1256 679 ullum

94 706 148 765 luit
171 712 302 772 scutum,
326 702 405 783 quod
420 721 480 763 non
503 702 642 782 pluribus
656 701 744 764 simul
758 701 879 781 spiculis
893 702 1111 782 perforaretur.
1143 696 1289 781 lamquedl

60 798 194 854 eternae
216 796 296 848 rates
317 786 557 865 adplicahantur,
586 805 655 849 cum
683 788 762 848 acies
791 786 915 867 clipeata
937 788 1095 865 consurgit
1117 785 1259 847 ethesius

95 882 177 934 certo
205 873 282 941 ictu,
312 880 416 951 utpote
442 870 538 932 libero
566 873 648 939 nisu,
681 872 772 933 mittit
799 891 816 933 e
842 870 966 932 ratibus.
1014 870 1053 932 Et
1079 877 1116 932 ut
1147 871 1259 932 territos

93 958 332 1036 recipientesque
355 974 448 1036 equos
470 956 585 1025 videre,
611 956 724 1017 alacres
745 964 848 1017 mutua
870 955 1077 1016 adhortatione
1099 957 1134 1015 in
1155 963 1260 1017 terram

44 1057 76 1106 10
94 1040 241 1103 desiliere.
296 1040 437 1101 Turbatis
470 1041 579 1100 acriter
611 1040 720 1120 pedem
748 1041 862 1101 inlerre
893 1046 1070 1118 coeperunt.
1127 1039 1259 1117 Equitum

94 1125 202 1187 deinde
226 1133 357 1193 turmae,
380 1142 457 1203 quae
480 1125 612 1186 lrenatos
633 1123 783 1185 habebant
796 1141 903 1205 equos,
925 1123 1102 1203 perfregere
1124 1121 1258 1185 barbaro

94 1228 161 1271 rum
184 1211 295 1270 aciem:
323 1210 442 1268 interim
470 1209 564 1269 ceteri
593 1210 710 1286 agmine
738 1208 941 1269 dimicantium
968 1208 1040 1268 tecti
1065 1213 1208 1287 aptavere
1230 1224 1259 1267 so

44 1309 76 1356 tt
94 1311 222 1373 pugnae.
266 1291 332 1372 lpse
354 1310 423 1362 rex,
447 1292 526 1372 quod
547 1294 656 1369 rigoris
679 1310 769 1370 aegro
784 1291 882 1353 adhuc
897 1293 1017 1370 corpori
1033 1290 1155 1363 decrat,
1177 1290 1259 1351 animi

93 1378 234 1438 firmitate
261 1373 427 1456 supplebat.
471 1378 534 1437 Vox
561 1376 746 1437 adhortantis
774 1394 834 1437 non
863 1384 980 1455 poterat
1004 1375 1106 1436 audiri
1134 1374 1259 1437 noudum

95 1460 173 1522 bene
195 1459 321 1521 obducta
351 1460 490 1521 cicatrice
519 1461 658 1529 cervicis,
686 1460 739 1522 sed
768 1460 957 1522 dimicantem
985 1462 1088 1521 cuncti
1114 1458 1258 1521 videbant.

45 1558 77 1606 12
96 1544 197 1623 ltaque
219 1546 278 1623 ipsi
300 1545 421 1622 quidem
445 1545 554 1605 ducum
583 1544 783 1623 iungebantur
811 1545 909 1606 officio
936 1543 1071 1623 aliusque
1099 1542 1193 1605 ulium
1213 1542 1259 1604 ad·

46 1642 78 1693 13
96 1628 207 1689 hortati
228 1630 260 1688 in
282 1627 397 1688 hostem
419 1628 523 1689 salutis
544 1630 736 1691 immemores
757 1646 847 1689 ruere
873 1637 1049 1705 coeperunt.
1095 1627 1175 1689 Tum
1196 1644 1260 1689 vcro

96 1730 155 1773 non
178 1729 245 1779 ora,
269 1728 330 1772 non
345 1729 443 1782 arma,
467 1730 528 1774 non
543 1714 704 1774 clamorem
726 1713 857 1776 bostium
872 1710 991 1774 barbari
1013 1712 1147 1775 tolerare
1164 1722 1258 1793 potue·

96 1805 167 1857 runt
190 1812 354 1873 omnesque
377 1797 478 1857 ellusis
500 1797 624 1858 habenis
647 1832 686 1841 —
709 1815 838 1877 namque
866 1796 1012 1876 equestris
1034 1798 1117 1857 acies
1140 1804 1205 1858 erat
1219 1828 1255 1843 -

96 1891 255 1961 capessunt
276 1881 387 1958 lugam.
433 1880 514 1952 Quos
536 1899 604 1950 res,
634 1899 812 1961 quamquam
834 1880 1018 1942 vexationem
1049 1879 1175 1943 invalidi
1199 1898 1256 1943 111·

95 1967 180 2045 poris
202 1966 263 2044 pati
278 1982 339 2025 non
362 1973 492 2043 poterat,
516 1984 570 2044 per
584 1987 668 2026 cxxx
690 1973 788 2026 tamen
804 1965 898 2026 stadia
917 1965 1034 2043 insequi
1055 1964 1257 2044 perseverarit

45 2068 78 2116 14
96 2050 218 2128 lamque
241 2049 394 2130 linquente
422 2051 520 2109 animo
553 2051 614 2110 suis
642 2050 811 2129 praecepit,
844 2055 891 2118 ut,
925 2048 1019 2109 donec
1051 2048 1130 2109 lucis
1158 2048 1259 2129 aliquid

96 2141 279 2211 superesset,
314 2132 493 2209 fugientium
530 2135 622 2211 tergis
651 2133 858 2202 inhaererent;
894 2133 958 2210 ipse
991 2132 1147 2195 exhaustis
1178 2134 1258 2195 etiam

45 2233 78 2283 15
96 2218 187 2278 animi
216 2216 328 2277 viribus
355 2219 387 2277 in
417 2225 512 2279 castra
545 2235 578 2279 se
605 2220 720 2296 recepit
751 2216 852 2297 ibique
881 2215 1019 2278 substitit.
1070 2218 1258 2279 Transierant

95 2302 154 2360 iam
188 2300 290 2360 Liberi
322 2299 421 2360 Patris
452 2303 611 2371 terminos,
649 2319 777 2381 quorum
808 2308 998 2362 monumenta
1029 2300 1145 2381 lapides
1181 2308 1259 2363 erent

96 2382 196 2444 crebri
228 2381 391 2443 intervallis
427 2384 562 2465 dispositi
590 2385 772 2467 arboresque
801 2402 960 2463 procerae,
993 2402 1122 2464 quarum
1151 2387 1258 2465 stipites

46 2485 78 2533 16
96 2467 207 2528 hedera
236 2476 418 2529 contexerat.
463 2469 522 2530 Sed
550 2469 727 2531 Maccdonas
753 2471 797 2531 ira
826 2468 944 2547 longius
971 2471 1122 2548 provexit:
1156 2471 1257 2549 quippe

96 2552 193 2613 media
216 2553 280 2612 lere
302 2562 390 2613 nocte
412 2554 443 2613 in
465 2562 564 2615 castra
591 2554 759 2624 redierunt,
789 2552 889 2615 multis
918 2553 1098 2623 interiectis,
1128 2552 1256 2633 pluribus

96 2638 203 2715 captis:
228 2653 380 2715 equosque
401 2658 425 2697 u
440 2646 469 2699 et
490 2658 571 2700 occe
587 2637 723 2716 abegere.
762 2637 941 2698 Ceciderunt
957 2644 1054 2697 autem
1070 2638 1255 2701 Macedonum

97 2722 209 2798 equites
231 2742 286 2791 nx,
310 2722 427 2800 pedites
450 2743 467 2784 o
490 2724 568 2791 lere,
592 2721 671 2783 mille
694 2723 787 2783 saucii
809 2720 939 2783 luerunt.

130 2905 155 2957 8.
172 2902 319 2958 barbara·
336 2919 467 2972 quoque
485 2912 537 2961 etc.
564 2905 657 2961 lliesar
708 2906 738 2958 in
750 2906 840 2969 tergis
850 2904 1021 2972 fugientium
1031 2903 1188 2961 haesuros.
1206 2902 1257 2971 Vgl.

116 2985 182 3023 anze
215 2968 371 3037 paragraph
406 2973 442 3027 ist
476 2971 656 3035 Parenthesc;
708 2971 764 3027 Lir.
786 2975 827 3027 2⁷.
848 2975 924 3027 tao
946 2977 1024 3038 tergo
1045 2971 1210 3029 inhaerere.
1228 2998 1257 3009 -

97 2984 115 3102 ἓ
133 3040 149 3087 9
167 3034 266 3114 hmiplt
283 3053 317 3092 an
334 3037 353 3102 S
371 3040 387 3088 'l
405 3054 447 3092 an.
707 3038 827 3095 Libora·
847 3039 970 3095 Patris
992 3040 1171 3096 terminos.
1198 3038 1223 3096 S.
1236 3042 1257 3093 3.

131 3105 154 3156 9.
172 3101 282 3157 labero
301 3105 391 3160 nisu.
425 3104 476 3160 llas
499 3105 567 3160 lreie
584 3108 656 3160 llus-
709 3110 749 3163 10.
766 3109 791 3160 5.
820 3106 897 3161 Auch
915 3105 1019 3161 Plinius
1033 3105 1060 3162 d.
1080 3111 1103 3162 1.
1121 3105 1256 3168 bericbtet.

97 3166 181 3223 holen
199 3184 258 3222 war
281 3176 339 3247 erst
360 3170 480 3237 mdglich
502 3171 572 3226 nach
593 3171 655 3226 dem
707 3173 768 3228 dass
778 3172 806 3227 in
813 3171 1157 3240 jenerGegendHercules,
1166 3174 1258 3240 liloni-

96 3233 261 3313 hulstehem
292 3234 334 3289 brs
364 3236 446 3292 dahin
472 3237 566 3292 hatten
595 3239 655 3294 sich
707 3256 753 3296 sos
768 3239 811 3308 (=
824 3239 1021 3306 hiberPater),
1040 3239 1199 3297 Semiramis
1209 3239 1258 3296 und

97 3301 142 3357 dre
165 3300 281 3367 clipeati
301 3302 393 3358 hinter
423 3303 501 3358 ihren
526 3304 655 3360 Schilden
707 3307 795 3374 Cyrus
813 3307 882 3362 nach
904 3307 1033 3363 einander
1050 3307 1146 3364 hltirs
1165 3307 1258 3365 errieh-

97 3367 656 3436 verborgen—territos,nnmlbar·
706 3374 869 3431 tethatten.
1229 3400 1235 3417 ι

97 3437 192 3493 baros-
242 3435 334 3492 Nebffll
368 3452 400 3494 ³⁶
434 3440 563 3506 recidere
597 3456 655 3496 was
743 3478 784 3530 15.
811 3474 1020 3531 intervallis.
1067 3474 1178 3533 libenso
1212 3475 1258 3531 llic

97 3505 469 3637 fflcsserffifigffisshsmmem’
497 3509 656 3563 emitum
707 3543 782 3598 acad.
797 3546 820 3593 1.
832 3547 865 3595 27
883 3541 1043 3599 intervallis
1062 3546 1184 3609 moveri,
1201 3542 1258 3600 lrei·

719 3610 763 3664 ich
790 3609 819 3664 ni
892 3611 901 3664 i
979 3608 1068 3673 klr,
1234 3610 1259 3664 in

97 3704 123 3761 1.
132 3642 173 3760 t·
186 3653 292 3761 tata
302 3639 468 3770 insta
478 3641 657 3775 1111111
707 3609 867 3732 inni
883 3609 1052 3759 nient
1096 3611 1259 3758 acin.

96 3771 271 3839 autgezaumt
289 3774 390 3831 hatten.
425 3775 472 3831 Die
490 3776 561 3832 noch
579 3776 657 3833 nicht
707 3750 916 3800 mmmm
943 3743 1059 3811 ἕθὴθῑῑθ
1083 3743 1258 3801 termuthhcb

97 3839 199 3894 soweit
219 3837 432 3909 hampllertigen
451 3843 656 3899 Schwadronen
707 3808 1258 4002 {223¹}sssshssfgcss‘ffhgflgfflffijssffifl

97 3906 655 4034 11111111111111111.,..,
706 3943 1118 4080 ppgqquggpu

133 4043 173 4094 13.
192 4043 410 4098 vexationem
427 4067 461 4086 =
474 4046 655 4101 iactationem

98 4108 127 4186 6..
142 4110 164 4161 1.
182 4111 211 4168 ὃς
234 4122 291 4162 non
316 4115 429 4175 poterat
451 4110 598 4180 hyperbol.
621 4134 655 4155 =
742 4114 781 4164 16.
801 4113 946 4182 medias.
960 4119 1065 4169 nocte.
1089 4111 1255 4169 Uebersetze:

98 4188 149 4227 vax
163 4179 285 4253 poterat.
709 4188 783 4234 erst
810 4196 855 4234 um
878 4180 1059 4237 blitternacht·
1086 4209 1120 4218 -
1147 4190 1255 4247 equot-

133 4244 173 4295 14.
196 4240 425 4298 inhaererent
453 4244 505 4299 wie
528 4250 552 4299 3.
575 4248 599 4300 8.
625 4250 655 4298 16
709 4261 771 4312 que
850 4247 1054 4314 abegerunt,
1073 4246 1254 4303 einelosean·

5 4373 82 4544 ‘b
