2752 4776
337 199 593 253 msronrenuu
610 199 824 253 ausxannnr
842 203 889 263 rv,
908 205 932 254 o.
1161 203 1219 266 121

56 371 124 432 dato
153 371 304 447 equitatu,
341 367 442 429 levatis
469 385 559 448 super
588 370 683 449 capita
705 371 809 439 armis,
843 370 921 431 baud
944 388 1032 449 aegre
1059 372 1095 432 ad
1123 373 1221 451 ipsum

54 455 169 517 alveum
192 460 339 533 penetrat.
383 453 500 514 Primus
528 455 606 513 inter
627 453 742 533 pedites
763 471 817 513 rex
840 471 976 532 egressus
997 456 1028 515 in
1049 457 1145 534 ripam
1173 476 1220 517 va·
1240 475 1273 525 18

54 539 126 601 ditm
149 537 292 599 militibus
314 555 419 607 manu,
448 536 564 616 quando
587 556 643 597 vox
671 538 806 598 exaudiri
833 555 893 597 non
914 547 1044 616 poterat,
1082 540 1220 601 ostendit.

55 623 114 685 Sed
136 622 263 701 gradum
286 622 406 682 firmare
428 621 473 682 rix
495 628 647 701 poterant,
683 640 750 682 cum
778 621 866 682 modo
895 640 964 683 saxa
992 623 1106 685 lubrica
1135 627 1220 686 vesti·

54 709 138 785 mum
156 705 311 776 fallerent,
340 705 429 766 modo
456 706 589 784 rapidior
611 705 689 766 unda
717 704 905 766 subduceret.
950 707 1130 786 Praecipuus
1159 718 1274 771 erat1e

55 790 141 852 labor
169 809 289 859 corum,
323 790 374 868 qui
397 790 530 851 humeris
557 807 648 851 onera
674 789 847 869 portabant:
882 791 991 869 quippe
1020 810 1085 852 cum
1114 802 1222 854 semet-

54 878 136 955 ipsos
163 892 270 953 regere
292 890 352 934 non
376 882 514 952 possent,
549 876 580 934 in
607 874 728 953 rapidos
756 876 889 952 gurgites
915 876 1103 936 incommodo
1131 895 1223 938 onere

54 958 284 1028 auferebantur,
314 965 358 1028 et,
389 958 458 1019 dum
481 977 534 1019 sua
556 959 681 1037 quisque
703 958 795 1038 spolia
818 959 957 1035 consequi
985 958 1097 1029 studet,
1129 963 1223 1021 maior

52 1045 135 1104 inter
154 1044 237 1123 ipsos
258 1060 349 1122 quam
371 1060 437 1103 oum
461 1045 540 1103 amni
556 1049 620 1103 orta
635 1042 755 1104 luctatio
771 1049 829 1110 est,
853 1043 1024 1120 cumulique
1039 1044 1223 1104 sarcinarum

51 1128 166 1207 passim
187 1126 339 1187 fluitantes
361 1124 519 1204 plerosque
540 1125 739 1206 perculerant.
783 1127 847 1187 Rex
870 1144 1006 1196 monere,
1030 1136 1062 1187 ut
1084 1129 1153 1189 satis
1170 1128 1222 1189 ba·
1241 1139 1277 1188 20

53 1211 164 1272 berent
186 1228 268 1272 arma
290 1211 435 1278 retinere,
459 1218 558 1270 cetera
581 1228 612 1270 se
635 1209 831 1271 redditurum.
877 1209 936 1270 Sed
958 1229 1055 1290 neque
1070 1211 1222 1273 eonsilium

53 1303 153 1375 neque
175 1294 334 1372 imperium
365 1294 459 1373 accipi
481 1301 611 1373 poterat:
647 1293 837 1372 obstrepebat
865 1294 935 1355 hinc
962 1303 1073 1365 metus,
1104 1303 1223 1375 praeter

53 1379 136 1441 bunc
164 1380 293 1439 invicem
326 1376 501 1440 luctantium
535 1388 656 1439 mutuus
690 1376 811 1439 clamor.
860 1376 992 1439 Tandem
1026 1397 1082 1457 qua
1110 1379 1273 1440 leniorem
1352 1432 1356 1439 .

53 1471 153 1525 tractu
175 1463 271 1523 amnis
286 1463 382 1540 aperit
397 1463 517 1531 vadum,
542 1480 707 1531 emersere,
731 1463 961 1541 necquicquam
982 1470 1100 1541 praeter
1115 1482 1224 1541 paucas

55 1550 191 1609 sarcinas
219 1545 419 1607 desideratum
443 1554 496 1606 est.
540 1546 640 1607 Deleri
661 1549 757 1625 potuit
779 1549 940 1616 exercitus,
969 1548 995 1607 si
1017 1550 1083 1627 quis
1105 1549 1275 1609 vincerem

55 1650 147 1693 ausus
170 1637 264 1700 esset,
294 1630 347 1691 sed
369 1637 512 1710 perpetua
539 1630 657 1691 fortuna
679 1633 760 1708 regis
781 1633 887 1691 avertit
908 1630 977 1691 inde
1004 1632 1130 1694 bostem.
1176 1627 1225 1693 Sic

55 1716 219 1777 Granicum
247 1722 292 1774 tot
317 1714 438 1776 milibus
467 1715 598 1793 equitum
626 1715 818 1794 peditumque
845 1717 876 1774 in
910 1714 1052 1777 ulteriore
1079 1716 1225 1776 stantibus

53 1802 121 1878 ripa
145 1799 307 1879 superavit,
330 1799 373 1859 sic
395 1801 526 1876 angustis
547 1800 579 1859 in
602 1798 720 1860 Ciliciae
735 1797 858 1860 callibus
878 1807 988 1860 tantam
1010 1798 1223 1861 multitudinem

53 1884 204 1945 bostium:
227 1883 367 1944 audaciae
389 1901 520 1962 quoque,
545 1901 602 1962 qua
624 1885 751 1943 maxime
773 1884 877 1960 viguit,
906 1884 982 1943 ratio
1005 1885 1097 1944 minui
1118 1890 1222 1963 potest.
1242 1885 1276 1935 '23

56 1969 127 2048 quia
151 1984 311 2047 numquam
333 1969 365 2026 in
387 1967 547 2028 discrimen
575 1967 667 2035 venit,
702 1984 739 2026 an
767 1974 880 2027 temere
908 1967 1034 2027 iecisset.
1078 1967 1222 2034 Mazaeus.

58 2053 124 2132 qui,
151 2052 176 2112 si
191 2050 414 2112 transeuntibus
432 2050 542 2111 flumen
565 2053 797 2128 supervenisset,
821 2050 1006 2111 hauddubie
1028 2068 1225 2129 oppressurus

58 2138 114 2197 luit
141 2137 359 2214 inconpositos,
392 2136 423 2195 in
450 2137 514 2214 ripa
542 2135 660 2196 demum
689 2135 725 2194 ad
753 2136 811 2196 iam
839 2143 1026 2212 perarmatos
1053 2135 1225 2214 adequitare

61 2220 167 2298 eoepit.
217 2217 296 2280 Mille
329 2219 487 2280 admodum
521 2220 635 2297 equites
666 2220 869 2298 praemiserat.
920 2218 1052 2288 Quorum
1079 2220 1225 2298 paucitate
1243 2215 1277 2264 24

63 2301 226 2364 Alexander
249 2303 414 2381 explorata,
445 2302 552 2364 deinde
575 2312 743 2382 contempta
765 2303 948 2381 praefectum
970 2303 1119 2365 Paeonum
1142 2306 1224 2382 equi·

65 2396 125 2447 tum
147 2386 284 2473 briqtm
315 2387 419 2448 laxatis
441 2386 565 2449 habenis
586 2388 686 2448 invehi
713 2389 806 2449 iussit.
851 2388 976 2466 Insignis
999 2406 1034 2447 eo
1057 2389 1104 2448 die
1126 2405 1224 2468 pugna
1243 2393 1278 2444 25

63 2472 192 2550 equitum
215 2481 245 2533 et
266 2473 426 2551 praecipue
448 2472 593 2533 Aristonis
615 2473 684 2532 luit:
707 2472 888 2552 praefectum
906 2474 1052 2550 equitatus
1067 2472 1225 2532 Persarum

62 2555 236 2635 Satropaten
258 2555 370 2616 directa
390 2558 420 2616 in
444 2562 546 2633 guttur
568 2556 651 2617 hasta
673 2556 820 2616 transfixit
841 2556 1062 2633 fugientemque
1085 2572 1138 2633 per
1164 2573 1226 2615 me·

62 2639 124 2701 dios
147 2640 248 2701 hostes
276 2647 453 2701 consecutus
481 2658 517 2700 ex
545 2658 621 2719 equo
654 2640 855 2718 praecipitavit
882 2650 911 2698 ct
939 2637 1101 2699 obluctanti
1130 2637 1227 2716 gladio
1301 2682 1304 2688 -

60 2731 149 2804 caput
176 2723 317 2803 dempsit,
347 2724 425 2802 quod
447 2723 573 2785 relatum
596 2740 702 2801 magna
730 2741 797 2782 cum
818 2720 906 2782 laude
933 2730 1000 2782 ante
1028 2722 1108 2799 regis
1135 2721 1229 2799 pedes

60 2810 167 2888 posuit.

64 3057 241 3126 lehrungem
255 3057 328 3113 viell.
341 3057 378 3112 ist
388 3057 469 3113 houd
479 3056 574 3114 besser
587 3074 622 3112 zu
706 3059 748 3110 21.
766 3061 884 3111 tractu
896 3060 920 3112 3.
932 3060 957 3108 4.
970 3059 998 3118 8;
1014 3057 1134 3111 vadum
1146 3072 1227 3123 ape·
1279 3078 1283 3085 ²

61 3126 236 3187 streicbcmi
263 3124 622 3192 sumalc.=daseigent·
673 3125 748 3178 rire
770 3144 804 3165 =
828 3123 947 3179 seichter
965 3122 1084 3186 werden,
1109 3124 1179 3180 aucb
1203 3128 1227 3179 8.

61 3191 142 3255 liobe,
160 3191 227 3247 tiele
237 3143 320 3248 liette
338 3191 466 3258 (degens.
480 3193 583 3248 cadum
595 3193 622 3258 S.
673 3195 713 3244 13.
726 3194 749 3244 8.
788 3258 794 3271 ι
1215 3260 1221 3271 ¹

62 3259 129 3326 211
707 3261 749 3313 22.
761 3273 916 3319 cancere,
930 3257 1037 3313 starker
1049 3257 1089 3314 als
1103 3259 1228 3325 appretia.

96 3355 137 3405 18.
146 3351 304 3418 pradum,
316 3351 622 3472 wieftrmorevestiptp
675 3325 869 3445 lbclbmbus
880 3347 914 3367 =
926 3323 1067 3387 belilee,
1081 3342 1102 3379 s.
1113 3329 1137 3379 3.
1149 3329 1172 3380 4.
1186 3329 1227 3387 13,

59 3416 603 3553 J}{pe222¹}fqffzffnfaffgbeessgebffiielefffg
708 3463 750 3515 ⁶23.
766 3461 875 3515 minui
891 3459 916 3514 d.
934 3459 961 3513 h.
981 3474 1043 3513 man
1059 3456 1131 3512 kann
1144 3456 1229 3512 leicbt

61 3551 257 3609 anteferenden
279 3551 348 3607 pass
368 3550 402 3619 (7,
420 3552 446 3616 7)
467 3551 621 3675 auspicum
673 3525 770 3582 darauf
781 3526 916 3588 lommen,
929 3524 1058 3593 geringer
1070 3524 1230 3580 anzusehla·

60 3621 198 3676 macben'.
223 3618 312 3675 Ueber
325 3618 377 3675 den
390 3619 465 3687 sing.
478 3636 499 3676 s.
533 3618 581 3675 inl.
595 3620 621 3685 S.
674 3609 735 3662 ἔθη·
752 3621 786 3631 ““
798 3596 833 3648 Μ
845 3595 952 3672 ‘liw-
966 3594 1060 3649 ΝΜ
1075 3615 1109 3636 ²
1126 3608 1154 3648 0⁵
1167 3592 1229 3672 ¹4³!ss

60 3688 116 3743 Μ,
674 3677 724 3716 zur
739 3661 952 3728 Entscherdung,
975 3668 1029 3715 trat
1044 3661 1153 3722 heraus,
1175 3676 1230 3716 wre

327 3781 334 3793 ,
496 3779 502 3790 ,
674 3730 704 3782 in
716 3729 803 3783 discr.
816 3730 1052 3784 esse=deccrni
1066 3727 1110 3782 bei
1122 3727 1178 3782 Liv.
1196 3755 1229 3763 —

96 3784 222 3846 19.,suo
240 3780 357 3845 Spolia
377 3802 411 3822 =
430 3779 477 3835 dis
495 3779 550 3835 ¹¹1OE
568 3779 618 3835 Ge·
675 3800 802 3851 temere
817 3818 852 3839 ==
870 3795 942 3850 ohne
959 3795 1012 3849 alie
1029 3793 1229 3859 Ueberiegung,

62 3846 170 3910 “¹¹¹th
184 3847 240 3902 Wie
252 3862 294 3914 εΡ·
307 3850 407 3901 ”Ostia
420 3851 460 3901 14·
473 3850 512 3900 1⁶·
675 3861 751 3918 bloss
764 3878 826 3917 vom
839 3860 926 3917 Gldclr
938 3861 1060 3927 geleitet.

96 3936 138 3986 20.
152 3946 261 3998 neque
272 3958 306 3967 —
315 3935 464 3996 poterat.
484 3929 577 3985 Genau
590 3947 621 3985 so
708 3928 1002 3988 reluctaberis,
1016 3930 1086 3985 14.3,
1117 3932 1170 3981 oet.
1185 3926 1230 3980 iin-

63 3998 108 4054 bei
116 3998 323 4054 Liv.22.5.3.-
334 4002 443 4053 metus
454 4020 488 4040 =
498 3999 622 4063 Angst·
674 3996 867 4051 bobremissis
875 3992 942 4048 oder
948 3992 1000 4048 den
1006 3993 1078 4048 noch
1084 3942 1230 4050 dltllclrcrn

64 4065 141 4121 rufe
160 4065 218 4120 der
237 4064 479 4127 Geiabrdetem
504 4064 557 4132 vgl.
576 4064 622 4119 ob·
675 4061 819 4116 Ausdruck
831 4062 974 4123 admissis,
987 4063 1083 4117 citatis
1094 4065 1182 4129 equis.

66 4131 621 4200 strepittrae.1.4s.-trinc...prac-
707 4127 1229 4195 resurrectae,§.n-demp-

68 4197 623 4264 terbunc,auilallendelnconcinuitit3
674 4199 731 4257 sit,
751 4196 801 4251 mit
822 4197 883 4251 dem
910 4193 1010 4263 Obielrt
1036 4204 1122 4265 caput
1143 4197 1230 4250 sebon

66 4270 226 4330 invicem,
240 4285 261 4322 s.
276 4265 344 4322 Einl.
357 4266 384 4332 8.
396 4270 437 4323 22.
676 4264 706 4330 Q.
720 4263 774 4320 Cic.
787 4262 822 4319 de
834 4263 911 4332 petit.
926 4279 1002 4321 cons.
1015 4268 1038 4322 9.
