2752 4776
375 243 617 293 mscomanuu
638 244 844 293 aunxauom
865 245 960 312 vnn,
982 241 1007 291 s.
1213 230 1273 297 189

100 418 161 482 qne
184 402 318 478 captivos
339 397 395 459 snb
418 417 528 461 corona
549 402 674 461 venisse.
719 399 836 463 Rursus
856 400 1002 463 Musicani
1025 401 1213 473 deiecerunt,
1236 402 1325 470 ad1a

100 502 179 566 quos
200 482 413 562 opprimendos
435 485 542 545 musas
565 492 610 547 est
631 484 753 554 Pithon,
777 486 829 564 qui
846 493 965 563 captum
987 485 1154 565 principem
1175 488 1273 564 gentis

101 568 293 646 eundemque
315 565 492 629 delectionis
506 576 659 631 auctorem
674 566 796 631 adduxit
817 567 851 629 ad
867 586 981 647 regem.
1028 569 1092 641 Quo
1106 569 1274 631 Alexander

100 656 132 719 in
160 668 281 715 crucem
308 650 426 715 sublato
454 670 559 715 rursus
587 671 720 723 amnem,
754 655 785 713 in
817 671 876 733 quo
908 652 1033 715 classem
1056 661 1213 733 expectare
1240 673 1274 717 se

98 739 243 807 iusserat,
265 737 384 816 repetit.

187 818 300 891 Quarto
323 820 432 881 deinde
455 821 504 883 die
526 820 657 883 secundo
679 838 768 883 amne
789 823 927 900 pervenit
949 820 984 881 ad
1008 821 1166 900 oppidum,
1194 822 1273 902 quod
1293 840 1324 889 17

93 908 134 969 ,in
156 908 218 967 imo
239 922 335 982 regno
359 915 421 967 erat
444 905 556 969 Sambi.
603 904 705 984 Nuper
726 922 759 967 se
785 905 836 967 ille
859 904 1030 974 dediderat,
1059 905 1112 967 sed
1135 908 1275 985 oppidani

101 988 310 1055 detrectabant
343 991 503 1069 imperium
536 998 565 1051 et
599 989 766 1051 clauserant
798 996 909 1068 portas.
958 988 1091 1060 Quorum
1125 991 1273 1070 paucitate
1293 1008 1324 1059 18

101 1081 272 1153 contempta
293 1093 348 1134 rex
370 1097 391 1137 υ
414 1074 560 1153 Agrianos
582 1076 700 1137 moenia
723 1073 824 1135 subire
846 1075 933 1136 iussit
954 1081 984 1134 et
1006 1075 1115 1140 sensim
1131 1074 1274 1137 receden-

101 1168 148 1221 tes
171 1156 280 1219 elicere
303 1167 386 1220 extra
409 1175 510 1219 muros
533 1159 648 1221 hostem
670 1168 842 1220 secuturum
865 1158 1014 1237 proiecto,
1044 1160 1069 1219 si
1095 1161 1199 1236 fugere
1222 1177 1274 1223 eos

101 1242 264 1313 crederet.
297 1243 431 1319 Agriani,
463 1245 540 1304 stcnt
567 1245 745 1320 imperatum
776 1249 853 1312 erat,
887 1241 1025 1304 lacessito
1056 1241 1142 1305 hoste
1174 1242 1273 1304 subito
1293 1260 1324 1309 19

103 1336 189 1405 terga
204 1333 374 1389 verterunt:
398 1345 472 1406 quos
495 1326 615 1389 barbari
637 1327 731 1391 effuse
756 1336 915 1408 sequentes
939 1328 971 1387 in
986 1325 1074 1397 alios,
1097 1328 1177 1389 inter
1199 1345 1274 1406 quos

100 1414 168 1492 ipse
188 1429 242 1473 rex
265 1421 344 1481 erat,
368 1411 514 1474 incidunt.
558 1412 710 1473 Renovato
735 1429 806 1490 ergo
828 1412 941 1491 proelio
956 1429 994 1473 ex
1008 1431 1048 1475 111
1065 1410 1184 1473 milibus
1205 1411 1274 1475 bar-

100 1496 245 1560 barorum
265 1513 308 1559 uo
331 1498 411 1559 cassi
433 1506 519 1565 sunt,
543 1495 623 1563 mille
646 1498 739 1575 capti,
763 1497 855 1559 ceteri
878 1493 1034 1559 moenibus
1053 1496 1138 1559 urbis
1153 1494 1272 1558 inclusi.

53 1578 163 1645 3380d
184 1596 245 1642 non
267 1590 300 1640 nt
327 1582 424 1658 prima
451 1582 554 1659 specie
582 1580 658 1641 laeta
687 1583 825 1651 victoria,
860 1584 902 1643 ita
922 1586 1030 1643 eventu
1056 1599 1176 1663 qnoque
1204 1581 1273 1643 luit:
1292 1598 1325 1647 20

99 1668 214 1746 quippe
237 1663 359 1725 barbari
381 1682 495 1727 veneno
510 1665 659 1728 tinxerant
680 1663 803 1743 gladios.
849 1666 952 1746 ltaque
968 1666 1060 1729 saucii
1075 1665 1201 1729 subinde
1222 1684 1273 1727 ex·

99 1748 242 1831 pirabaut
256 1765 314 1808 nec
330 1765 417 1809 cansa
433 1758 494 1810 tam
508 1758 648 1811 strenuae
664 1752 770 1813 mortis
790 1752 954 1828 excogitari
974 1757 1091 1828 poterat
1108 1749 1273 1819 amedicis,

96 1852 172 1897 cum
194 1834 283 1893 ctiam
304 1831 385 1898 lares
414 1834 518 1912 plagae
545 1832 725 1895 insanabiles
748 1843 856 1896 essent.
901 1833 1026 1896 Barbari
1049 1842 1147 1895 autem
1170 1851 1272 1913 spera·
1291 1850 1323 1898 21

98 1925 207 1990 serant
228 1920 380 1978 incautum
405 1925 434 1978 ct
455 1920 648 1980 temerarium
663 1936 765 1996 regem
781 1920 877 1998 excipi
899 1935 995 1997 posse.
1039 1917 1076 1978 Et
1097 1918 1173 1977 forte
1196 1920 1274 1978 inter

99 2002 342 2082 promptissimos
364 2002 509 2063 dimicans
536 2004 664 2064 intactus
693 2011 835 2065 evaserat.
886 2004 1053 2080 Praecipue
1075 2001 1272 2071 Ptolomaeus,
1291 2017 1324 2066 22

99 2085 187 2148 laevo
209 2087 337 2147 humero
360 2085 463 2147 leviter
492 2086 613 2163 quidem
640 2087 773 2156 saucios,
802 2085 854 2147 sed
885 2089 1000 2147 maiore
1027 2085 1161 2166 periculo
1185 2103 1274 2163 quam

100 2172 226 2233 vulnere
249 2169 397 2240 adiectus,
422 2172 502 2250 regis
524 2168 754 2232 sollicitudinem
776 2173 807 2231 in
830 2189 862 2232 se
885 2175 1081 2231 converterat.
1124 2170 1273 2248 Sanguine
1334 2234 1337 2239 ,

102 2258 280 2319 coniunctus
303 2263 366 2317 erat
389 2262 418 2317 et
440 2255 561 2336 qnidam
583 2254 719 2335 Philippo
741 2257 876 2333 genitum
899 2272 965 2316 esse
988 2253 1165 2325 credebant,
1193 2262 1274 2316 certe

136 2440 177 2494 16.
207 2436 347 2493 Rursus
375 2459 410 2484 =
434 2438 661 2502 andrerseits,
714 2444 841 2503 stimme,
872 2439 916 2494 die
946 2438 1005 2494 sich
1034 2455 1068 2494 zu
1088 2437 1275 2506 J‘cnerlchre

99 2506 156 2561 wie
175 2504 248 2560 diter
266 2503 311 2560 bei
328 2504 371 2568 C.;
391 2506 438 2561 das
453 2504 593 2572 Fulgende
610 2503 663 2560 bil·
714 2505 881 2569 bekannten,
899 2506 1032 2573 kurnweg
1049 2505 1090 2560 als
1107 2504 1274 2573 Βραχμᾶνες

100 2574 148 2629 det
166 2572 246 2628 einen
259 2571 411 2639 Gegcnsatz
429 2590 463 2628 zu
482 2572 543 2627 dem
562 2572 663 2628 uomit·
713 2573 882 2630 bezeichnet.

99 2638 662 2702 talbal'vssl'herssl'zahlless·’‘Pl-tholi,
748 2662 790 2713 20,
808 2664 931 2713 eventu
949 2671 1079 2724 quoque
1097 2678 1131 2699 =
1154 2656 1186 2711 in
1207 2655 1274 2712 sei.

100 2706 179 2767 Solen
201 2706 249 2763 des
271 2708 396 2775 Agenor,
421 2706 568 2764 dennlcr.
594 2707 663 2762 nach
714 2742 777 2780 nen
806 2724 938 2792 polgen,
972 2753 1005 2762 -
1038 2729 1207 2781 strenuae
1240 2744 1274 2765 =

99 2775 201 2831 Arrian
232 2790 295 2831 zum
312 2774 454 2853 ‘Satrapen
482 2775 529 2830 des
557 2774 662 2853 Laudes
712 2793 784 2860 ja}1³
806 2792 861 2859 vgp
879 2797 903 2844 3.
927 2796 951 2846 6,
973 2795 988 2842 2
1012 2798 1162 2846 Strenuum
1183 2804 1273 2845 reme.

99 2858 156 2901 ron
174 2840 224 2897 der
240 2842 515 2909 Acesinesmundung
538 2841 578 2897 bis
600 2857 662 2897 anm
714 2861 792 2917 dium
808 2882 842 2902 ἓ.
860 2859 904 2914 ej„
919 2860 979 2926 jah,
999 2857 1104 2913 schnep
1117 2855 1273 2912 wippendes

98 2908 190 2967 ΜΝ
212 2917 329 2988 imaum
349 2909 435 2965 hwe-
453 2937 486 2947 ““
500 2909 663 2989 ,summi
714 2927 753 2983 Ge
775 2926 906 2982 enutittcl.
941 2925 1089 2992 Uebrigens
1109 2925 1145 2980 ist
1163 2924 1206 2980 die
1224 2923 1273 2978 Er·

99 2976 172 3033 anch
191 2976 284 3033 Cicero
307 2977 356 3032 hat
374 2977 525 3057 tollerem
548 2991 663 3032 crucem
713 2943 834 3063 zphgpung
851 2994 940 3049 dieses
958 2992 1129 3060 preignisses
1150 2990 1195 3046 bei
1213 2991 1274 3047 pio,

100 3042 191 3101 ΠΜ
221 3058 307 3111 “⁹⁶7³
352 3060 456 3111 'apere
483 3061 513 3125 ’.η
539 3059 664 3107 mmm»
714 3062 767 3117 dor
795 3062 823 3115 in
859 3061 932 3116 allen
960 3058 1175 3131 Hauptpunlaten
1205 3074 1272 3125 gana

100 3111 254 3181 dtisfidssre.
278 3087 399 3179 affinem
417 3127 507 3190 mim·
525 3138 558 3148 “
580 3128 662 3167 ''²⁴'‘
713 3128 985 3186 ubereinsnmmend.

100 3195 178 3241 sacr
196 3184 326 3246 repetere
340 3194 446 3235 rursus
464 3186 501 3235 ist
520 3178 563 3234 ein
581 3177 662 3235 aller·
748 3217 780 3265 21
812 3212 857 3269 Et
912 3212 1187 3269 ewissermassen=
1208 3211 1274 3269 und

101 3251 189 3305 “ms
207 3244 333 3312 haufiger
349 3245 537 3302 plemma&
714 3256 813 3343 docb,
835 3228 934 3336 si'ebe
957 3280 994 3336 da
1015 3280 1064 3335 mit
1090 3279 1274 3335 adversativer

136 3351 178 3402 17.
200 3348 236 3401 ia
263 3362 368 3413 repas
395 3349 459 3401 imo
486 3347 540 3401 wie
564 3347 662 3402 altimo
712 3347 884 3414 Bedentnng.
922 3348 959 3403 So
987 3346 1129 3405 mehriacb
1159 3345 1203 3401 bei
1233 3346 1274 3408 G.;

99 3416 132 3471 in
147 3429 249 3481 campo
268 3418 309 3470 10.
321 3419 345 3470 9.
359 3418 403 3475 1·2;
421 3416 452 3468 ia
464 3413 663 3470 Paraetacene
715 3414 816 3472 ebenso
836 3421 919 3482 atque
937 3432 960 3470 a.
977 3415 1006 3470 B.
1024 3419 1049 3469 8.
1067 3419 1092 3468 6.
1110 3417 1152 3468 29.

100 3482 303 3539 nltimam.
323 3487 345 3533 1.
382 3481 485 3537 [diodor
504 3480 662 3537 bezeichnet
748 3486 789 3539 22.
811 3482 1017 3549 Praecipue.
1061 3480 1121 3535 llan
1148 3480 1276 3537 vermisst

100 3549 178 3609 disse
216 3547 308 3614 Stadt,
347 3549 392 3605 die
427 3565 458 3604 er
498 3546 663 3603 Harmatelia
715 3549 776 3605 eine
793 3548 978 3604 verbindcnde
995 3546 1126 3609 Partikel;
1148 3546 1221 3603 doch
1238 3547 1276 3604 ist

100 3623 200 3695 neunt,
229 3615 269 3697 als
298 3611 470 3695 diederada]
494 3614 549 3694 eda
572 3618 663 3682 Βραχ-
715 3616 755 3671 sie
790 3615 975 3679 cutbehrlich,
1010 3631 1093 3673 wsnn
1129 3629 1192 3670 man
1225 3631 1274 3671 aus

100 3700 201 3811 ”stt
218 3682 664 3807 at‘tnttltlttdldttlt
714 3680 1276 3807 tadinatltltlnltl.litt·-

136 3834 168 3875 ss
194 3817 239 3874 die
261 3817 361 3875 lelrer
380 3818 438 3875 des
461 3816 577 3874 Sambos
607 3817 663 3872 und
713 3817 804 3886 lldnig
838 3819 914 3873 hatte
940 3818 969 3873 in
1000 3815 1095 3873 keiner
1120 3816 1215 3873 Weiss
1241 3834 1276 3875 an

99 3884 257 3943 llusicanus
284 3886 343 3941 sich
372 3902 435 3941 aum
460 3885 662 3942 Brahmaismus
715 3885 775 3941 sich
802 3884 890 3941 selbst
916 3883 972 3940 und
1000 3884 1075 3941 scine
1098 3882 1200 3940 Geialrr
1228 3901 1276 3952 ge·

98 3950 565 4009 bekanntenundderWiderstand
595 3967 663 4019 egen
716 3952 817 4009 dacbt'.
840 3981 872 3991 -
895 3954 1028 4007 maiore
1049 3953 1210 4018 periculo

101 4020 145 4077 die
163 4018 337 4076 llacedonicr
355 4035 389 4075 an
412 4021 553 4099 enrzelpen
571 3967 664 4075 flatze
715 4020 759 4074 ad
782 4025 891 4100 ectus,
910 4019 954 4075 ein
966 4018 1096 4099 Zeugma,
1114 4021 1186 4100 deun
1217 4023 1277 4076 eri-

100 4086 254 4143 besonders
282 4086 370 4144 durch
396 4087 441 4143 dte
463 4086 663 4145 Praesterlaaste
714 4103 750 4142 ca
763 4103 778 4143 a
791 4087 872 4155 affice
894 4103 953 4142 war
972 4088 1047 4142 nicht
1065 4086 1166 4143 iiblrcb.
1196 4038 1276 4144 boch

101 4153 152 4211 der
181 4155 353 4212 Bralrmanen
387 4155 519 4222 goschmt
556 4155 662 4218 warde,
715 4169 783 4220 ganz
802 4154 912 4210 ahnlieh
933 4154 969 4209 ist
995 4155 1165 4222 difficaltate
1186 4155 1276 4224 aspici,

102 4221 203 4277 erbellt
224 4238 274 4277 ans
297 4222 404 4277 Arriam
438 4223 516 4279 Aucli
538 4239 592 4279 von
615 4238 662 4276 an·
714 4221 789 4277 Caes.
814 4222 840 4277 b.
864 4238 891 4289 g.
909 4225 933 4278 i.
954 4225 980 4278 6.
1003 4248 1035 4261 --
1057 4225 1275 4280 coniunctus.

102 4287 187 4344 deren
210 4288 411 4345 Schriltstoller
433 4290 547 4346 werden
564 4287 661 4345 Volks-
713 4289 760 4345 liie
778 4289 879 4349 llutter
901 4288 949 4347 des
966 4289 1140 4347 Ptolemaeus
1159 4290 1277 4348 Arsinoe
