2752 4776
119 226 183 292 204
549 243 583 303 o.
605 240 709 289 cuum
731 239 811 288 num

122 416 181 481 que
202 400 299 478 gentis
321 398 453 460 eiusdem
478 398 640 458 levissimos
668 393 749 457 lalsis
769 395 945 457 criminibus
973 395 1124 457 adstruxit
1151 400 1279 469 monitos,

70 499 104 552 28
123 491 185 544 tum
209 483 327 544 demum
350 500 384 543 ea
407 483 539 553 deterre,
563 499 629 543 cum
653 481 716 561 ipso
736 480 882 542 iussisset.
925 481 1051 543 lnterim
1074 482 1214 561 quotiens
1226 483 1280 544 sinc

122 567 245 629 arbitris
273 575 353 637 erat,
388 567 523 629 credulas
554 566 634 644 regis
665 582 755 628 aures
785 562 919 644 inplebat
949 565 1144 628 dissimulans
1174 585 1279 629 causan

70 669 105 720 uu
122 653 199 721 irae,
228 670 287 731 quo
308 653 425 730 genior
446 651 629 714 criminantis
654 650 817 711 auctoritas
838 656 925 710 esset
969 649 1113 711 Nondum
1135 658 1280 730 suspectus

122 742 187 797 erat
209 736 347 816 Orsines,
379 739 439 798 iam
466 743 566 797 tamem
587 734 683 796 vilior.
727 733 808 795 Reus
829 734 907 794 enirn
933 735 964 794 in
997 741 1118 796 secreto
1151 736 1280 815 agebatur

121 820 240 882 latentis
261 819 385 901 periculi
407 823 543 898 ignarus:
567 827 597 880 et
619 821 898 899 inportunissimum
920 826 1052 880 scortum
1074 837 1116 879 ne
1136 821 1169 881 in
1190 829 1279 900 stupro

122 903 245 983 quidem
274 913 304 966 et
330 905 486 966 dedecoris
513 904 653 984 pattentia
681 903 795 964 fraudis
822 902 964 982 oblitum,
991 905 1133 982 quotiens
1161 922 1277 966 amorem

121 991 199 1069 regis
226 991 257 1050 in
285 1008 317 1050 se
345 989 536 1058 accenderat,
565 987 692 1049 Orsinen
722 987 810 1048 modo
838 987 991 1056 avaritiae,
1019 987 1176 1050 interdum
1200 992 1274 1051 etiarn

47 1090 105 1142 '30
122 1073 296 1135 delectionis
325 1073 477 1152 arguebat.
527 1073 588 1134 lam
617 1081 731 1133 matura
760 1079 845 1132 erant
871 1073 902 1132 in
929 1073 1096 1151 perniciem
1123 1070 1298 1136 innocentisb

123 1158 275 1220 mendacia
305 1167 334 1218 et
361 1158 469 1228 iatum,
499 1159 583 1218 cuius
605 1155 786 1218 inevitabilis
808 1173 874 1216 sors
895 1165 955 1225 est,
984 1155 1159 1235 adpetebat
1201 1157 1274 1219 llortc

123 1245 201 1304 enirn
224 1241 394 1322 sepulcrum
411 1243 478 1323 Cyri
494 1239 659 1305 Alexander
680 1241 766 1302 iussit
781 1241 906 1320 aperiri,
928 1243 960 1301 in
981 1259 1042 1319 quo
1059 1248 1126 1303 erat
1140 1241 1273 1303 conditum

71 1345 102 1395 31
123 1331 187 1388 eius
209 1344 332 1406 corpus,
356 1328 403 1386 cui
426 1327 498 1387 dare
519 1324 635 1387 volebat
655 1325 788 1387 inferias.
832 1328 911 1388 Auro
933 1332 1121 1404 argentoque
1142 1325 1271 1405 repletum

123 1430 188 1473 esse
221 1411 389 1473 crediderat
419 1446 461 1456 —
494 1413 604 1491 quippe
635 1411 674 1471 ita
707 1409 783 1471 lama
811 1409 920 1470 Persae
948 1409 1143 1487 vulgaverant
1168 1445 1210 1455 —
1233 1410 1272 1472 sed

122 1503 242 1573 praeter
264 1494 391 1575 clipeum
414 1497 478 1556 eins
504 1502 622 1573 putrem
644 1501 675 1555 et
695 1511 783 1556 arcus
807 1494 882 1554 duos
904 1493 1058 1574 Scythicos
1081 1502 1113 1556 et
1139 1497 1271 1557 acinacen

70 1578 196 1647 cenibil
218 1583 361 1658 repperit.
411 1579 548 1641 Ceterum
577 1596 689 1641 corona
716 1597 806 1640 aurea
834 1579 962 1656 inposita
989 1579 1135 1649 amiculo,
1164 1581 1209 1641 cui
1234 1580 1271 1640 ad·

122 1671 224 1726 suerat
245 1665 324 1742 ipse,
347 1663 467 1733 solium,
495 1664 525 1724 in
547 1682 607 1745 quo
629 1680 738 1743 corpus
759 1661 889 1733 iacebat,
919 1661 1037 1733 velarit,
1067 1665 1195 1726 miratus
1214 1665 1270 1725 tant
1309 1702 1313 1707 -

122 1749 251 1809 nominis
272 1765 372 1826 regem
402 1749 491 1808 tantis
519 1748 688 1828 praeditum
714 1746 821 1825 opibus
848 1745 924 1808 baud
952 1748 1114 1827 pretiosius
1141 1748 1269 1828 sepultum

123 1851 202 1903 esse,
233 1850 319 1912 quam
349 1834 374 1893 si
401 1831 506 1893 inisset
534 1832 669 1912 eplebe.
706 1831 864 1892 Proximus
891 1839 956 1894 erat
982 1830 1069 1893 lateri
1097 1833 1205 1913 spado,
1232 1833 1269 1912 qni

121 2019 242 2081 regum,
270 2019 337 2063 cum
361 2011 545 2081 satraparum
568 2001 674 2062 domus
700 2018 805 2062 nurum
834 2000 904 2061 inde
932 2008 1069 2079 egestum
1097 2019 1206 2083 capere
1224 2017 1268 2063 non

121 2184 204 2247 dern.
231 2183 295 2240 und
323 2185 409 2240 noch
439 2184 529 2241 dazu.
554 2213 588 2224 -
616 2185 678 2240 ad·
728 2183 824 2239 wieb.
845 2185 871 2235 b.
894 2185 910 2235 b
936 2197 1001 2240 erse
1026 2191 1172 2242 maturum
1196 2190 1269 2241 nutus.

120 2254 259 2308 struxit
275 2251 311 2306 lst
328 2250 520 2315 beiremdlicb,
537 2266 600 2319 mag
615 2267 677 2306 man
728 2279 762 2288 —
779 2251 1006 2306 ineuitabilis.
1041 2251 1079 2309 So
1097 2258 1123 2311 4.
1140 2257 1165 2310 6.
1179 2257 1209 2307 tt
1224 2255 1268 2308 inu

119 2318 144 2385 f.
163 2319 329 2376 criminibus
346 2319 386 2374 als
404 2320 590 2387 zugehorigen
601 2319 678 2374 bativ
728 2317 841 2374 vitabile
863 2322 913 2374 est
927 2317 1029 2386 fetum.
1068 2319 1129 2388 Vgl.
1151 2321 1219 2377 anob
1237 2319 1269 2376 die

121 2384 213 2442 lassen
238 2386 305 2442 oder
328 2385 406 2442 einen
433 2385 508 2442 llativ
535 2387 589 2443 wie
616 2387 680 2449 sibi,
729 2383 986 2442 charakteristische
1004 2384 1269 2445 Stelleb.1t.10.-
1302 2442 1305 2451 ,

121 2467 229 2509 cunone
263 2453 415 2522 suppliren.
469 2454 508 2510 lm
543 2453 677 2510 letzteren
728 2453 884 2520 Adpetebut
896 2454 949 2508 wie
962 2453 1135 2511 anderwtrts
1148 2455 1271 2521 tument
1302 2492 1305 2497 -

120 2519 194 2577 Falle
207 2520 305 2601 wurde
322 2521 366 2577 die
377 2519 677 2601 Ablativoonstrulrtion
728 2520 834 2588 adpetit
852 2544 885 2564 =
903 2522 1128 2601 'adpropinquat
1147 2550 1180 2560 —
1204 2523 1270 2578 dore

120 2589 142 2655 f.
170 2588 337 2644 criminibus
363 2587 512 2667 auilallend
540 2603 612 2651 seru:
640 2603 676 2668 rm
729 2625 759 2668 ··.
770 2626 777 2639 .
795 2587 951 2711 inferius
969 2604 1024 2645 wne
1042 2595 1065 2645 7.
1079 2595 1147 2671 9321
1167 2589 1220 2658 inf.
1235 2590 1269 2645 de·

121 2657 239 2712 anderen
262 2656 351 2712 erhilt
372 2671 433 2711 man
456 2656 499 2711 dre
517 2665 609 2736 sonet·
620 2671 679 2736 nrr-¹
728 2655 777 2710 dn.
789 2685 822 2693 -
846 2658 924 2713 oder
936 2659 1186 2716 trdmmerrerohen
1197 2657 1270 2716 Ebeoe

121 2722 677 2859 {tibitibibitttt'tttt
728 2722 1113 2858 {centuriauerat
1143 2744 1198 2850 {ti
1212 2725 1272 2850 iti

120 2858 251 2926 subrigens
270 2857 288 2926 S
306 2863 338 2912 36
360 2859 510 2915 subornati
529 2858 597 2925 fuls.
620 2861 677 2914 cri·
728 2858 856 2914 Terrasse
893 2875 947 2914 von
983 2863 997 2912 t
1034 2858 1272 2928 Quaderscbicbten
1313 2892 1315 2925 Ι

1311 2718 1315 2883 l

120 2927 241 2982 minibus
348 2942 417 2982 occu
437 2932 488 2981 unt
517 2941 614 2983 nureo.
645 2955 678 2963 -
729 2926 873 2982 stehendes
888 2926 1223 2993 steinernesblockhaus,
1238 2924 1274 2983 aul
1312 2932 1315 2991 ζ

47 3031 51 3038 -
121 2995 271 3048 monitor.
308 2993 395 3049 Ueber
412 2943 675 3050 lenlnfinitivnacb
728 2993 849 3050 welches
867 2993 910 3049 die
928 2993 1136 3072 Bescbreibung
1158 2997 1207 3053 des
1224 2996 1273 3061 ‘Cp
1313 3046 1315 3061 ,

121 3059 182 3113 dem
200 3060 243 3114 W.
261 3078 282 3114 s.
302 3059 369 3116 Einl.
387 3060 405 3126 S
423 3064 464 3117 34.
728 3061 886 3128 rusgrabes’
914 3059 957 3115 ber
984 3061 1084 3118 Strabo
1112 3063 1170 3120 und
1192 3063 1273 3120 Arrian
1313 3064 1315 3089 ²

154 3146 195 3196 23,
213 3143 367 3210 inplebat
384 3144 676 3210 wreooeupamggg
728 3128 755 3183 in
792 3128 840 3184 der
876 3126 1046 3194 Hauptsaehe
1083 3140 1171 3197 passe.
1214 3129 1272 3187 llocb
1313 3174 1315 3201 ,

121 3210 158 3265 30
182 3218 242 3276 sagr
259 3209 363 3265 Livium
386 3218 486 3277 peetus
508 3211 676 3275 terroribus,
728 3196 816 3252 baben
842 3210 943 3250 neuere
969 3196 1106 3254 l'orscher
1138 3199 1184 3254 die
1209 3199 1272 3254 lden·
1313 3206 1315 3229 =

120 3278 325 3333 multitudinem
342 3281 538 3345 expectatione
558 3279 677 3345 inplere.
728 3265 791 3320 filil
812 3263 901 3318 dieses
931 3264 1143 3332 ihrwfisdlbess»
1171 3275 1273 3334 guter
1313 3272 1315 3277 ’

120 3346 246 3413 Dagegen
267 3346 314 3400 bat
337 3346 389 3402 ilic.
420 3355 488 3402 orat.
514 3349 562 3398 104
588 3362 676 3402 aures
727 3331 855 3411 hilline?
873 3330 958 3386 [lines
976 3331 1025 3386 ¹1¹st
1047 3331 1110 3388 ‘¹0¹⁰
1130 3330 1273 3402 cirusbrlb

118 3414 229 3482 inplere
242 3427 310 3480 ganz
323 3412 441 3492 anderen
454 3411 530 3478 Sinn,
543 3413 673 3470 nbmlicb:
727 3415 754 3454 ¹ss
773 3396 885 3453 ZWfflffll
904 3412 1036 3465 gezogeu.

120 3479 387 3628 ἀθξέ).ῗ)ῗῖἓῗὲῃ.ῠῑεῗ
404 3480 587 3616 mmmm
615 3549 674 3603 ellle
726 3510 959 3630 Ᾱΐῗέἐᾶἶιῗείὲ
970 3507 1021 3630 ch}
1095 3577 1121 3633 d·
1162 3576 1240 3635 Wed
1264 3603 1272 3615 ,

119 3616 277 3672 lrvranrsche
299 3615 409 3672 Pbrase.
449 3616 487 3671 Zn
508 3618 539 3671 in
564 3623 674 3672 secreto
725 3614 898 3710 hersteflun'g
931 3585 1214 3703 dressethbesoebes}
1241 3593 1272 3703 ⁸}

119 3682 172 3763 .ng
192 3688 215 3738 ⁷·
235 3689 258 3738 ¹·
282 3688 322 3739 ¹3·
345 3711 377 3721 ““
402 3687 586 3752 Μηίων
613 3684 674 3739 hiel
725 3709 789 3767 land
807 3709 865 3765 sich
889 3726 941 3766 nur
964 3710 1012 3765 der
1031 3709 1114 3780 Sarte,
1137 3714 1183 3771 die
1199 3714 1232 3770 Ba
1250 3725 1272 3766 re

118 3751 434 3874 trutinabitur
450 3750 674 3940 '’ittttgntt
725 3776 788 3906 ui,
807 3776 1107 3901 irrubuit
1141 3780 1271 3837 run

119 3886 202 3940 Sinne
224 3886 259 3941 ist
302 3892 338 3941 ot.
364 3886 432 3942 nach
459 3886 508 3941 der
530 3887 567 3942 lle
587 3885 674 3940 nition

119 3953 225 4009 Ciceros
261 3951 306 4019 le
340 3953 394 4008 inv.
425 3958 449 4008 2.
486 3953 544 4022 163)
574 3968 671 4009 rerum
757 3955 1065 4012 aucuiadruerar.
1102 3956 1270 4015 Sublati

118 4021 277 4075 arduarum
300 4021 460 4076 uoluntario
477 4038 513 4078 uc
534 4021 672 4076 diuturne
722 4024 860 4090 inmunia,
883 4026 946 4090 quis
968 4023 1165 4081 adsueuerant
1188 4023 1269 4102 (eqni)-

113 4089 272 4155 perpessio.
302 4115 333 4125 -
363 4089 455 4144 modu
562 4092 672 4144 inter·
723 4090 944 4146 —soliumin
966 4090 1015 4147 der
1035 4091 1268 4160 bedeutungnur·

117 4157 194 4210 dum
212 4154 257 4211 fuir
274 4156 354 4210 modo
436 4157 529 4220 modo,
553 4155 606 4224 vgl.
629 4156 672 4210 die
725 4159 786 4220 λος,
805 4159 948 4226 rurcopbu
967 4174 1002 4214 us
1020 4159 1059 4214 ist
1070 4158 1266 4217 nachclasslscb.

116 4227 195 4278 dnm.
214 4240 247 4278 zu
266 4227 290 4276 9.
310 4227 333 4276 2.
355 4229 377 4279 1.
724 4224 825 4280 -llas
844 4224 938 4293 lolgen
959 4242 974 4281 e
990 4228 1155 4293 praeditum
1171 4229 1207 4283 ist
1217 4227 1267 4283 Par·

151 4295 191 4343 30.
217 4297 365 4353 maturo,
388 4291 497 4348 absolut
523 4307 555 4345 zu
582 4289 673 4346 lassen
725 4293 849 4361 ticinium
866 4292 914 4348 des
932 4292 1214 4366 Plusquamperfelrts.

1021 3523 1122 3630 ficum
1135 3518 1187 3567 etc.
1212 3509 1273 3567 llaclt
1313 3482 1315 3519 ἶ
