2752 4776
120 226 161 292 98
572 244 604 303 o.
628 242 732 291 curem
754 242 835 291 num

22 416 26 423 ·
120 410 204 477 parte
226 406 328 476 petrae
351 406 429 457 tanta
452 400 495 457 vis
518 397 646 457 bostium
674 398 793 461 condita
823 404 916 469 esset,
946 398 1063 457 fumum
1091 414 1181 477 specu
1205 398 1289 461 inlra·

68 502 102 550 19
119 502 151 542 se
173 484 254 559 ipsos
275 480 424 541 evolutum
447 491 632 543 notaverunt.
677 483 718 543 Ex
742 501 800 563 quo
826 479 1028 550 intellectum,
1055 478 1138 541 illam
1159 482 1272 545 bostiun
1288 458 1304 573 l,

119 566 262 627 latebram
284 584 357 627 esse.
402 566 501 645 ltaque
522 567 614 627 hastis
636 568 808 647 inposuere,
833 564 913 647 quod
936 572 1135 635 convenerat,
1162 569 1272 646 signum.

66 670 100 719 no
117 650 252 728 'lotoque
274 669 290 710 e
313 668 437 711 numero
459 672 484 712 11
508 660 538 712 ct
559 673 622 713 xxx
643 653 674 711 in
696 670 820 713 ascensu
836 650 974 711 interisse
989 649 1188 727 adgnoscunt.
1220 652 1274 713 llcr

117 754 176 795 non
200 736 338 816 cupidine
361 737 453 813 magis
477 735 611 815 potiundi
632 734 708 803 loci,
731 754 820 818 quam
844 736 907 795 vice
923 752 1044 803 eorum,
1068 752 1148 813 quos
1169 734 1202 797 ad
1221 734 1304 801 tanli

117 822 304 881 manifestum
326 820 491 899 pericnlum
515 822 649 889 miserat,
672 818 817 881 sollicitus
839 828 901 881 toto
923 819 973 880 die
996 820 1159 881 cacumina
1177 822 1274 882 montis

115 906 234 965 intuens
254 906 372 965 restitit.
417 905 510 965 Noctu
534 905 669 973 demum,
699 923 768 965 cum
796 903 963 965 obscuritas
992 912 1185 983 conspectum
1207 923 1270 966 ocu-

62 1004 95 1051 21
114 989 212 1051 lorum
234 990 405 1057 ademisset,
430 988 467 1049 ad
489 990 654 1051 curandum
676 1007 785 1069 corpus
811 990 945 1049 recessit.
990 987 1124 1049 Postero
1145 988 1186 1049 die
1203 1006 1268 1051 non·

115 1075 185 1135 dum
207 1078 279 1136 satis
300 1072 379 1134 clara
402 1072 469 1134 luce
491 1076 605 1154 primus
621 1073 696 1143 vela,
721 1076 839 1152 signum
861 1074 941 1152 capti
959 1073 1100 1141 verticis,
1125 1076 1270 1153 conspexit.

114 1159 173 1221 Sed
189 1178 226 1219 ne
241 1158 393 1219 lalleretur
409 1160 503 1227 acies,
529 1158 663 1219 dubitare
679 1158 803 1237 cogebat
818 1160 942 1219 varietas
965 1155 1042 1217 caeli
1063 1174 1151 1219 nnnc
1163 1158 1272 1219 interni·

113 1252 194 1305 lente
217 1244 290 1303 lucis
311 1242 441 1319 fulgore,
464 1260 545 1304 iturae
560 1244 687 1304 condito.
725 1245 837 1303 Verum
857 1254 889 1302 ut
910 1240 1053 1320 liquidior
1076 1239 1130 1303 lux
1152 1240 1272 1321 adponit

63 1342 95 1389 αα
113 1330 213 1393 caelo,
236 1326 380 1387 dubitatio
402 1336 537 1405 exernpta
561 1338 617 1388 est:
642 1337 836 1407 vocatumque
857 1326 995 1407 Cophen,
1024 1344 1081 1404 per
1105 1345 1195 1407 quem
1215 1326 1272 1389 bar·

114 1414 252 1473 berorum
278 1414 392 1471 animos
421 1420 627 1489 temptaverat.
658 1414 746 1473 mittit
773 1412 809 1472 ad
837 1430 904 1485 eos,
932 1412 985 1490 qui
1013 1420 1171 1482 moneret,
1203 1430 1272 1473 nunc

112 1496 215 1557 saltem
243 1495 391 1555 salubrius
418 1496 574 1557 consilium
602 1498 727 1557 inirent:
757 1498 803 1557 sin
830 1504 930 1557 autem
957 1494 1066 1557 fiducia
1095 1494 1157 1557 loci
1183 1515 1272 1576 persc-

61 1595 94 1643 23
113 1588 263 1647 vernent,
288 1580 403 1640 ostendi
428 1598 444 1640 a
474 1590 558 1659 tergo
588 1583 686 1651 iussit,
716 1583 768 1660 qui
795 1590 936 1658 ceperant
962 1581 1122 1641 verticem.
1167 1580 1272 1661 Copbes

113 1666 257 1725 admissus
284 1664 410 1725 suadere
447 1668 544 1744 coepit
571 1666 699 1727 Arimazi
732 1675 847 1745 petram
876 1665 1008 1734 tradere,
1045 1666 1176 1742 gratiam
1201 1667 1269 1744 regis

111 1752 237 1818 inituro,
260 1749 285 1808 si
306 1757 401 1809 tantas
423 1768 471 1809 res
494 1749 664 1811 molientem
692 1752 722 1810 in
745 1753 834 1811 unius
863 1751 946 1830 rupis
968 1747 1128 1809 obsidione
1157 1750 1265 1811 haerere

110 1852 170 1894 non
187 1834 338 1911 coegisset.
383 1832 434 1896 llle
456 1836 587 1895 ferocius
602 1834 821 1913 superbiusque
843 1852 931 1911 quam
947 1841 1034 1895 antea
1056 1833 1179 1909 locutus
1198 1832 1263 1893 abire

59 1932 93 1981 24
111 1918 231 1999 Cophen
254 1918 346 1981 iubet.
390 1922 427 1979 lt
456 1920 481 1977 is
509 1937 650 1996 prensum
677 1938 769 1980 manu
797 1918 956 1981 barbarum
984 1928 1086 1994 rogat,
1116 1927 1150 1979 ut
1177 1936 1265 1979 secum

109 2014 190 2065 extra
212 2022 334 2081 specum
357 2005 489 2083 prodeat.
535 2002 599 2071 Ono
627 2006 776 2081 inpetrato
803 2006 924 2063 iuvenes
946 2006 977 2064 in
999 2005 1158 2064 cacumine
1181 2012 1266 2064 osten·

109 2090 151 2148 dit
173 2098 201 2149 et
224 2090 286 2151 cius
308 2089 466 2169 superbiae
495 2087 571 2147 haurd
599 2091 747 2148 immerito
780 2088 918 2149 inludens
950 2090 1059 2167 pinnas
1091 2088 1205 2148 habere
1233 2088 1265 2146 ait

57 2188 91 2237 25
109 2174 218 2234 milites
245 2173 414 2237 Alexandri.
465 2172 584 2251 lantque
613 2190 630 2233 e
656 2173 850 2233 llacedonum
879 2177 986 2233 castris
1019 2174 1176 2251 signorum
1203 2189 1263 2232 con·

109 2265 213 2319 centus
236 2267 265 2317 et
287 2261 377 2318 totius
400 2259 547 2317 exercitus
569 2255 681 2318 clamor
704 2256 891 2318 audiebatur.
929 2256 969 2317 Ea
993 2274 1057 2325 res,
1081 2258 1158 2318 sicut
1179 2256 1262 2335 plera·

107 2360 165 2419 qne
189 2340 257 2400 belli
287 2360 360 2401 vana
390 2352 419 2401 et
440 2343 555 2409 inania,
583 2340 728 2401 barbaros
757 2341 792 2401 ad
820 2342 999 2403 deditionem
1029 2344 1134 2401 traxit:
1163 2342 1260 2419 quippe

107 2429 243 2503 occupati
260 2435 339 2486 nictu
362 2428 541 2505 paucitatem
559 2444 677 2496 eorum,
701 2428 751 2503 qui
774 2446 789 2485 a
813 2436 896 2503 tergo
919 2435 1018 2496 erant,
1041 2428 1197 2485 aestimare
1210 2441 1258 2484 non

52 2519 254 2589 adpeterent.
292 2510 392 2590 ltaque
409 2510 528 2589 Coplrcn
552 2544 593 2553 —
616 2528 683 2571 nam
707 2511 889 2588 trepidantes
904 2509 1068 2590 reliquerat
1091 2544 1129 2554 -
1152 2518 1267 2571 suenus.

106 2605 244 2655 revocant
267 2604 384 2656 etcum
408 2615 443 2655 eo
464 2618 527 2654 xxx
549 2596 700 2673 principes
723 2598 855 2663 mittunt,
881 2597 931 2673 qui
954 2602 1067 2673 petram
1092 2594 1206 2654 tradant
1223 2600 1253 2657 et

53 2695 87 2743 27
106 2692 138 2741 ut
160 2680 358 2742 incolumibus
381 2680 463 2740 abire
485 2680 587 2747 liceat,
618 2681 814 2757 paciscantur.
861 2678 912 2739 llle
940 2696 1120 2756 quamquam
1149 2676 1252 2738 vereba-
1298 2721 1300 2734 .

106 2774 167 2835 tur,
193 2785 229 2825 ne
246 2774 402 2844 conspecta
419 2768 556 2824 iuvenum
572 2765 717 2842 paucitate
734 2763 927 2824 deturbarent
942 2782 993 2823 eus
1017 2762 1149 2832 barbari,
1171 2770 1250 2821 umen

103 2970 189 3018 ware:
201 2964 659 3031 occ.eollesinsiccabiectns,elocl1
745 2967 785 3017 23.
804 2963 962 3018 sundere.
986 2962 1074 3018 Ueber
1087 2962 1139 3018 den
1154 2962 1248 3024 abhinc.
1290 2875 1300 3010 l

103 3030 658 3098 s.diuisitq—specn=especu,vgl.
711 3029 758 3084 iul.
782 3048 803 3084 s.
827 3029 894 3084 Einl.
919 3030 937 3096 8
960 3034 1002 3085 34.
1020 3058 1052 3067 -
1075 3033 1206 3085 inituro
1222 3046 1247 3068 =
1295 3037 1300 3102 j

101 3102 126 3151 8.
140 3104 164 3151 4.
178 3104 193 3149 9
206 3099 345 3153 evolutum
357 3114 396 3153 ecc
408 3102 531 3165 inperiis
542 3102 659 3161 fumum.
710 3101 812 3165 quippe
830 3114 894 3153 cum
972 3099 1101 3153 initurus
1118 3104 1197 3154 esset.
1296 3117 1300 3150 ·.

137 3204 175 3252 19.
202 3199 351 3265 Totoque
379 3207 429 3253 etc.
476 3198 553 3252 lliese
579 3197 658 3254 Notiz
743 3198 1059 3266 ‘teplercqnebelli
1075 3193 1244 3254 =‘sol'ieles
1296 3213 1299 3226 ¹

100 3266 216 3333 geladrte
247 3268 315 3321 nach
342 3264 360 3333 3
389 3270 426 3320 17.
463 3265 537 3320 liuch
561 3266 608 3320 hat
631 3267 657 3320 C.
709 3268 745 3321 im
764 3266 887 3333 llriegc,’
911 3281 968 3332 erg.
992 3273 1067 3321 sunt.
1103 3265 1175 3321 llocb
1195 3263 1244 3326 licet
1295 3257 1299 3343 1

100 3332 192 3401 haring
204 3334 298 3389 soleba
311 3332 465 3399 nactnassig
480 3331 658 3401 naclrsclrlop·
710 3335 781 3389 nalre
798 3351 832 3389 zu
851 3334 1024 3389 ver-muthen:
1044 3336 1120 3389 sient
1131 3334 1243 3400 plerane
1297 3377 1299 3386 .

100 3402 323 3472 pendeb'otizen
347 3400 657 3467 misenensem
709 3402 786 3463 belli,
815 3418 890 3456 ncne
912 3408 940 3456 et
961 3403 1066 3456 inanis.
1107 3401 1163 3468 Vgl.
1190 3396 1245 3454 need

98 3486 246 3538 equosque.
706 3470 851 3536 plerisque
869 3474 893 3525 4.
913 3474 935 3524 1.
955 3473 999 3522 20:
1025 3471 1101 3524 sient
1122 3470 1213 3543 ubique
1227 3463 1243 3511 8-

130 3560 171 3609 20.
190 3558 262 3611 vice
283 3570 399 3609 eorum
421 3570 442 3607 s·
464 3556 488 3605 2·
509 3556 533 3607 ὅ·
551 3581 583 3589 -
601 3568 656 3606 re.
707 3542 731 3592 9.
749 3542 790 3589 20.
809 3566 841 3574 “““
860 3538 983 3616 ΐΐαωξι·
1017 3535 1078 3618 Man
1097 3544 1173 3604 Sflgte
1189 3529 1243 3589 llldlll

97 3624 317 3678 stititd.lr.er
335 3619 429 3675 blicb
447 3620 581 3681 slehen,
600 3618 657 3673 aul
705 3602 783 3659 bl⁰³⁸
804 3606 920 3685 ‘rddere
946 3621 976 3658 m
1005 3604 1129 3672 adduam
1155 3604 1244 3671 daill'l

98 3690 159 3746 den
176 3691 299 3746 uernae
336 3690 388 3743 wie
412 3690 505 3743 renni
526 3690 549 3738 s.
568 3692 592 3741 e.
612 3691 652 3741 ae.
708 3672 914 3737 (sementum),
932 3671 1052 3726 sondern
1065 3673 1135 3727 auch
1148 3673 1245 3726 earm.

98 3788 130 3796 -
153 3760 278 3814 ademit
305 3733 359 3812 'wie
386 3760 409 3811 5,
434 3760 472 3810 13,
502 3760 532 3805 12
558 3755 653 3821 pulvis
705 3738 1244 3809 SotatLiviustrauereandefecuoneu

97 3828 195 3880 adimit
206 3834 395 3891 prospectum.
423 3822 653 3889 llieungewblm·
705 3809 745 3861 25,
765 3811 900 3862 16·6·-
921 3809 1084 3873 Occupat?
1104 3808 1158 3863 Wle
1180 3815 1243 3860 ⁰⁶⁶⁸·

96 3893 168 3947 liobe
193 3893 368 3958 Verbindnng
390 3906 487 3958 consp.
507 3890 653 3946 oculorum
704 3876 766 3939 pali
778 3875 901 3930 aliarum
914 3891 1012 3930 rerum
1022 3891 1094 3930 curu
1107 3874 1150 3955 bei
1163 3872 1243 3928 biritu

98 3962 144 4014 hae
163 3962 230 4015 auch
251 3960 345 4015 vafro,
705 3939 833 4008 Haufigor
860 3958 930 4006 res,
962 3959 1049 3997 cure
1075 3959 1119 3997 rea
1145 3935 1245 4006 occardi

705 4012 830 4089 animum
853 4012 886 4075 (5.
909 4012 966 4073 38),
990 4013 1183 4077 capitationem
1206 4002 1244 4061 all·

136 4049 176 4097 21.
207 4045 379 4105 dniaitere,
415 4044 566 4099 construirt
600 4043 653 4097 wie
704 4092 794 4132 emus·

97 4128 190 4168 cavere
218 4112 284 4167 oder
318 4119 447 4167 metuere.
480 4140 513 4150 -
541 4114 652 4166 inter·
884 4162 891 4175 ‚
1116 4162 1122 4173 .
1173 4161 1178 4173 ,

96 4182 235 4240 nitente,
282 4179 340 4245 Vgl.
367 4179 410 4233 die
432 4194 500 4245 ganz
527 4178 652 4233 tbnliche
736 4164 777 4215 2⁶·
797 4157 1243 4284 lrssfitdanles=‘sled1⁰ss⁰·

94 4246 181 4301 Stcllc
193 4251 217 4299 8.
229 4251 253 4301 4.
265 4251 294 4310 3,
314 4263 359 4300 wo
373 4248 420 4301 das
433 4246 557 4302 einlaclre
575 4247 651 4300 luce
702 4232 839 4292 Sffilefflb
880 4229 1027 4286 ilthSess'·

41 4312 141 4484 kiter
159 4313 363 4382 lucisfulpore
381 4314 464 4368 steht.
735 4318 776 4367 27.
794 4312 869 4377 ille,
893 4313 1012 4369 nitmlich
1034 4312 1083 4369 der
1100 4311 1197 4378 lionis,
1217 4314 1244 4359 αἱ

41 4457 47 4484 Ι

1 4526 3 4550 ,ι
26 4491 48 4524 ἱ
