2752 4776
83 220 145 285 150
534 236 565 295 q.
589 232 694 283 cunct
715 232 796 281 mm

46 412 63 461 8
80 374 256 453 Macedonas
271 408 330 451 non
353 396 529 468 conspectus
543 387 675 450 hostium
691 388 802 455 solum.
824 389 878 450 sed
894 391 986 449 etiam
1001 388 1147 457 lluminis,
1169 386 1278 465 quodid

82 474 295 535 transeundum
318 481 395 543 erat,
424 472 596 551 magnitudo
620 473 759 533 terrebat.
805 493 857 535 1111
883 474 915 534 in
943 472 1131 534 latitudinem
1158 472 1243 533 stadia

81 559 205 619 dillusus
227 558 376 635 profundo
405 556 487 618 alveo
515 566 545 618 et
572 574 719 635 nusquam
740 556 813 618 vada
841 558 994 635 aperiente
1020 556 1153 636 speciem
1179 560 1244 619 vasti

47 644 172 713 amaris
194 644 316 704 fecerat.
361 642 422 702 Nec
444 660 500 721 pro
522 642 617 721 spatio
640 659 783 722 aquarum
805 640 864 703 late
882 642 1086 720 stagnantium
1107 642 1244 720 impetum

82 726 253 795 coercebat,
282 726 334 787 sed
357 727 442 806 quasi
463 727 492 786 in
516 733 612 786 artum
637 725 813 788 coeuntibus
842 726 915 804 ripis
945 735 1066 787 torrens
1100 733 1132 785 et
1163 723 1244 786 elisus

82 810 249 879 lerebatur,
274 809 450 889 occultaque
471 829 541 871 saxa
562 811 661 872 inesse
684 809 880 871 ostendebant
901 808 1038 887 pluribus
1063 807 1140 871 locis
1156 809 1243 871 undae

32 914 64 964 10
82 912 287 973 repercussae.
331 893 507 955 Terribilior
529 894 622 957 iacies
644 904 709 956 erat
730 896 829 974 ripae,
853 911 942 975 quam
958 894 1027 972 equi
1049 894 1168 971 virique
1181 911 1243 955 con·

52 982 57 991 “
81 976 242 1058 pleverant.
273 977 397 1040 Stabant
411 979 547 1055 ingentes
563 986 711 1040 vastorum
727 996 886 1057 carporum
899 976 995 1038 mules
1010 984 1041 1038 et
1055 978 1093 1038 de
1108 977 1243 1039 industria

29 1062 63 1129 '11
81 1060 218 1125 inritatae
234 1063 385 1124 horrendo
400 1062 529 1124 stridore
545 1080 633 1124 aures
655 1062 828 1141 fatigabant.
858 1062 935 1124 Hinc
951 1062 1055 1130 amnis,
1073 1061 1146 1123 hinc
1160 1060 1241 1123 bostis

82 1148 202 1227 capacia
224 1147 344 1225 quidem
367 1146 465 1208 bonae
488 1150 553 1226 spei
575 1154 696 1225 pectora
719 1154 749 1207 et
770 1165 860 1227 saepe
888 1164 920 1206 se
950 1152 1074 1225 experta
1101 1147 1242 1225 inproviso

80 1240 181 1292 tamen
203 1249 313 1312 pavore
336 1239 553 1311 percusserant.
599 1231 713 1310 Quippe
742 1228 895 1293 instabiles
917 1242 996 1292 rates
1024 1247 1082 1291 nec
1105 1229 1196 1307 dirigi
1213 1228 1244 1291 ad

32 1332 63 1381 12
80 1316 192 1395 ripam,
216 1333 272 1375 nec
293 1323 357 1376 tuto
380 1316 522 1395 adplicari
543 1334 632 1394 posse
655 1314 825 1377 credebant.
870 1316 963 1376 Erant
987 1316 1019 1375 in
1041 1312 1144 1375 medio
1167 1331 1244 1375 amne

80 1401 195 1460 insulae
217 1399 356 1469 crebrae,
380 1402 411 1460 in
434 1418 508 1478 quas
530 1409 560 1460 et
581 1400 645 1460 ludi
668 1407 699 1460 et
712 1399 889 1462 Macedones
911 1408 1017 1460 nantes
1038 1398 1147 1460 lavatis
1164 1415 1247 1477 super

82 1486 179 1562 capita
195 1484 285 1544 armis
309 1482 482 1544 transibant.
528 1483 573 1544 lbi
596 1482 669 1544 levia
691 1482 805 1563 praelia
822 1482 1055 1544 conserebantur
1076 1490 1107 1543 et
1129 1489 1247 1561 uterquc

31 1583 64 1634 13
81 1585 134 1627 rex
156 1585 264 1645 parvae
286 1568 331 1627 rei
353 1567 523 1628 discrimine
544 1586 677 1629 summae
693 1567 904 1648 experiebatur
919 1575 1069 1630 eventum.
1113 1568 1247 1629 Ceterum

81 1654 113 1711 in
141 1649 336 1711 Macedonum
372 1653 504 1713 exercitu
538 1653 704 1713 temeritate
732 1660 822 1731 atque
850 1651 972 1713 audacia
1000 1652 1136 1729 insignes
1169 1651 1247 1713 luere

83 1734 277 1813 Symmachus
317 1744 346 1795 et
377 1735 521 1805 Nicanor,
561 1734 676 1798 nobiles
713 1738 835 1797 iuvenes
874 1742 904 1796 et
940 1746 1084 1815 perpetua
1120 1736 1249 1813 partium

32 1832 65 1881 14
82 1819 223 1879 felicitate
252 1820 288 1880 ad
316 1819 518 1899 spernendum
547 1839 636 1881 omne
663 1821 832 1900 periculum
858 1820 984 1881 accensi.
1030 1818 1105 1891 Quis
1127 1818 1249 1881 ducibus

82 1904 296 1983 promptissimi
317 1905 456 1965 iuvenum
479 1905 589 1966 lanceis
612 1904 700 1966 modo
718 1906 823 1966 armati
845 1913 1038 1966 transnavere
1060 1905 1093 1963 in
1114 1901 1249 1969 insulam.

83 2005 171 2065 quam
193 1989 336 2067 frequens
350 1989 442 2050 hostis
464 1988 599 2059 tenebat,
622 1987 789 2066 multosque
811 1987 971 2058 Indorum,
1000 1984 1080 2048 nulla
1095 2005 1131 2048 re
1148 1986 1251 2050 melius

33 2076 64 2126 15
83 2090 171 2151 quam
194 2073 316 2133 audacia
342 2074 463 2142 armati,
490 2075 718 2134 interemerunt.
763 2073 854 2134 abne
885 2090 951 2133 cum
980 2071 1075 2149 gloria
1104 2078 1250 2151 poterant,

82 2158 108 2216 si
130 2164 271 2234 umquam
295 2159 445 2218 temeritas
459 2157 528 2218 ielis
551 2158 700 2218 inveniret
714 2156 850 2218 modum:
875 2155 925 2216 sed
950 2154 1021 2217 dum
1038 2157 1251 2234 supervenien-

81 2248 127 2300 tes
149 2242 341 2319 contemptim
365 2250 394 2301 et
422 2240 552 2319 superbe
575 2259 693 2321 quoque
721 2248 896 2321 expectant,
925 2241 1119 2302 circumventi
1143 2240 1181 2303 ab
1205 2240 1250 2308 lis,

116 2424 140 2475 8.
169 2423 360 2487 aperiente.
405 2422 639 2478 salonitanae.
691 2422 841 2491 folgenden
859 2424 1011 2490 improuiso
1029 2427 1125 2478 tamen
1139 2437 1251 2489 pavore.

81 2491 113 2540 21
133 2492 226 2544 amnis
248 2492 342 2556 aperit
364 2490 474 2545 vadam.
498 2517 529 2527 -
552 2490 642 2547 Fece·
693 2491 751 2558 Vgl.
778 2490 909 2558 subrigens
936 2490 992 2547 Liv.
1019 2494 1061 2544 39.
1087 2494 1112 2544 9.
1141 2493 1155 2541 1
1186 2490 1252 2545 urbs

82 2562 130 2610 rat
151 2556 176 2609 d.
200 2557 226 2611 h.
250 2556 418 2624 anlangliclr,
450 2557 521 2612 belm
549 2564 641 2612 ersten
692 2560 828 2626 capacior
853 2558 952 2613 talium
975 2557 1115 2613 maloram
1137 2573 1165 2613 u.
1184 2556 1251 2611 aben

81 2623 197 2679 nntltcl
215 2624 291 2679 batte
309 2625 359 2679 der
375 2624 454 2680 stass
473 2624 566 2680 diesen
579 2624 641 2680 lttn-
691 2630 716 2681 4.
739 2630 762 2681 7.
787 2630 833 2687 293
856 2629 880 2681 d.
899 2629 924 2677 5.
946 2628 987 2680 29.
1011 2653 1043 2661 -
1067 2624 1251 2680 instabiles

82 2691 168 2745 druck
186 2693 233 2747 aul
250 2694 290 2748 sie
309 2692 443 2759 gemacht.
693 2693 718 2750 d.
732 2693 758 2748 h.
777 2693 821 2748 die
834 2692 881 2748 hin
893 2691 950 2747 und
964 2691 1014 2745 her
1028 2690 1251 2757 geschaultelten.

116 2779 144 2831 9.
167 2778 418 2843 caesareensium,
443 2774 640 2843 hyperbolisch
673 2759 729 2841 ‘3⁰
750 2759 820 2841 ⁰¹³⁴}ss
837 2764 863 2811 4·
877 2763 929 2814 Η
947 2773 1035 2814 naves
1050 2759 1212 2825 pendentes
1228 2762 1253 2815 tl

83 2840 130 2895 fair
147 2841 317 2908 efficsaram.
340 2843 400 2911 Vgl.
414 2848 438 2896 9.
452 2848 476 2898 2.
491 2848 523 2895 17
535 2845 642 2910 flamen
692 2828 850 2884 mllalnlei·

78 2908 225 2975 placidias
243 2918 365 2977 stapam.
383 2939 414 2947 -
433 2911 557 2973 elisus,
581 2911 642 2965 hier
728 2915 768 2968 12.
793 2927 925 2978 parvae
955 2915 1009 2965 rei
1036 2910 1251 2966 discrimine.

82 2975 159 3030 wohl
187 2976 493 3039 riberschaumend,
525 2996 558 3033 an
589 2979 642 3033 den
693 2979 773 3034 Sinn:
804 2979 844 3033 sie
875 2977 1059 3033 berechneten
1093 2978 1164 3032 nach
1195 2977 1252 3032 dem

81 3042 641 3166 attatltttlt‘lt'ttbtttt¹¹2¹¹4·
692 3044 980 3168 lllllmlllllll
994 3044 1251 3167 lllsdtlllhlll

321 3129 333 3165 s
705 3129 731 3168 rc
751 3129 785 3168 en
828 3130 859 3167 us
962 3129 977 3165 r
1166 3129 1183 3166 n

83 3191 117 3229 zu
145 3174 247 3239 lassen,
275 3193 320 3231 wo
348 3176 391 3231 die
418 3177 564 3242 Wendung
594 3178 641 3232 des
695 3181 823 3236 Grossen.
852 3127 1251 3244 lierAusdruckparuaegrei.

83 3241 242 3298 Gedankens
269 3243 325 3297 und
352 3243 401 3297 der
429 3243 572 3298 ausdruck
605 3246 642 3297 im
694 3247 747 3302 den
772 3247 822 3302 der
848 3244 1048 3301 Schriitsteller
1074 3246 1123 3300 des
1151 3246 1252 3313 Gcgen·

81 3307 229 3365 llinzelnen
253 3325 320 3377 ganz
344 3309 452 3365 aboliclr
476 3311 522 3365 ist.
541 3339 575 3348 —
592 3311 642 3366 Re·
694 3321 782 3369 satzes
813 3329 911 3379 wegen
946 3311 1068 3379 gewahlt
1098 3330 1133 3368 zu
1167 3312 1252 3368 haben

82 3375 171 3432 merkt
190 3378 242 3441 sei,
266 3378 328 3433 dass
347 3376 502 3445 Hydaspes.
525 3378 580 3434 ind.
598 3378 643 3432 vi·
694 3381 809 3441 scheint,
832 3382 869 3436 ist
887 3398 910 3435 s.
929 3395 953 3434 v.
974 3396 997 3434 a.
1013 3395 1148 3446 parcae
1169 3397 1252 3447 paa-

82 3448 165 3511 testa,
184 3445 326 3501 bedeutet:
348 3445 409 3500 ‘der
431 3443 643 3513 pleilschnelle'.
694 3464 767 3504 nae.
790 3446 1100 3515 Vergleichec.1.1in
1113 3449 1252 3503 mediam

117 3535 157 3583 10.
175 3529 301 3598 facies.
336 3528 384 3583 llit
402 3528 560 3584 demselben
577 3528 643 3597 Epi·
692 3531 829 3594 duanae
848 3516 1047 3571 discrimen·

82 3597 179 3652 theton
206 3598 276 3653 auclr
305 3600 343 3653 14.
365 3601 406 3653 27.
430 3624 462 3636 ·-
485 3595 573 3652 Ueber
599 3597 643 3652 die
729 3603 768 3655 13.
789 3598 956 3659 Ceterum,
975 3594 1251 3653 lrieralmeallerld-

82 3681 136 3719 von
170 3665 262 3721 Livius
306 3663 378 3719 lrausr
436 3664 642 3732 angewendete,
694 3664 897 3728 versativlrralt,
934 3663 1040 3719 einiacb
1081 3681 1115 3719 zu
1154 3664 1251 3719 Nauem

83 3732 266 3809 ‹lichterisclre
284 3680 477 3800 llormelcqui
493 3734 603 3799 virique
620 3749 642 3786 s.
694 3732 874 3811 riberlcitend.
920 3731 1092 3787 Griechiscb:
1123 3718 1199 3797 ἦσαν
1225 3721 1249 3783 δ’

82 3808 106 3855 3.
125 3805 149 3854 3.
167 3802 260 3855 26.—-
281 3800 429 3855 stabant.
465 3798 538 3854 Ganz
561 3797 641 3854 eben·
694 3800 1251 3869 echcepectqnet.—partium=

82 3884 114 3922 so
134 3868 206 3922 ohne
225 3866 476 3935 Ortsbestimmung
500 3867 562 3932 (ibi)
582 3867 642 3922 Tac.
694 3883 815 3923 suarum
831 3869 965 3933 partium.
1000 3865 1025 3921 S.
1045 3863 1117 3922 oben
1135 3869 1159 3920 4.
1179 3868 1217 3920 16.
1227 3869 1249 3916 4.

83 3949 144 3989 ann.
172 3940 195 3984 t.
224 3938 257 3986 ⁶15
283 3933 384 3990 Stabat
415 3934 541 3991 Dracsas·
585 3931 645 4000 Vgl.
732 3938 773 3990 14.
792 3933 944 3989 callare
963 3932 1094 3988 melias.
1125 3931 1249 3988 biellam·

81 4000 150 4055 llinl.
173 4000 192 4066 S
216 4006 282 4059 5‘1a.
306 4031 338 4041 -
359 4003 406 4058 bie
427 4003 530 4058 Phrase
557 4015 646 4057 aures
698 4000 837 4056 strulrtion
849 4001 903 4054 wie
917 4006 937 4055 1.
951 4004 997 4063 24;
1011 4005 1051 4052 tu.
1067 4004 1164 4054 10.10.
1182 3997 1249 4053 Nacb

80 4066 207 4135 fatigare
234 4068 319 4126 findet
342 4070 400 4125 sich
423 4070 493 4125 auch
512 4074 536 4121 9.
551 4073 592 4120 10.
606 4071 646 4123 16.
697 4068 758 4122 dem
777 4066 1018 4133 vorauigehenden
1042 4068 1153 4122 lanceis
1173 4064 1248 4120 modo

121 4140 161 4191 ll.
179 4140 328 4206 capacia
346 4137 487 4203 quidem.
527 4134 646 4200 Quidem
697 4136 802 4190 armati
818 4135 854 4189 ist
867 4135 911 4190 die
923 4134 1070 4200 Wendung
1084 4134 1162 4189 wohl
1176 4132 1248 4187 leine

82 4201 149 4259 hebt
167 4204 215 4261 das
233 4202 359 4260 Ad'elrtiv
377 4203 479 4257 hervar
502 4202 556 4257 und
578 4201 645 4258 stei-
696 4200 837 4269 glticlclich
855 4202 1001 4268 gervahtte.
1202 4267 1208 4278 ι

83 4279 145 4337 gert
173 4272 292 4328 dadurcr
320 4270 372 4325 den
401 4269 552 4336 Gegensatz
582 4285 644 4325 zum
731 4273 772 4322 15.
791 4270 1126 4337 etsuperbeaucqac
1147 4275 1246 4319 :ama
