2752 4776
59 238 80 302 6
510 252 542 312 q.
566 250 669 299 cunm
690 250 770 297 nunu

60 427 118 488 que
141 417 171 470 et
193 425 299 487 greges
320 406 459 487 pelicum.
504 406 610 468 Omnia
638 407 670 467 in
692 413 846 468 externum
873 404 955 486 lapsa
975 421 1107 467 morem:
1136 420 1227 482 quem

60 492 223 555 aemulatus
246 492 329 573 quasi
350 494 497 572 potiorem
519 510 573 552 suo
595 493 636 552 ita
658 490 843 572 popularium
860 493 976 552 animos
991 487 1153 567 oculosque
1175 505 1228 567 pa·

25 581 133 640 ariter
156 577 296 655 offendit,
319 584 352 637 ut
373 596 389 638 a
411 576 561 657 plerisque
583 578 745 638 amicorum
767 594 823 655 pro
845 575 931 636 hoste
952 573 1125 635 haberetur.
1170 571 1228 632 'l'e-

60 682 149 724 naces
172 663 283 742 quippe
306 661 476 740 disciplinae
498 679 569 722 suae
591 659 751 740 solitosque
772 677 863 740 parco
887 679 921 720 aa
943 657 1068 738 parabili
1090 658 1169 717 victu
1191 656 1227 717 ad

60 746 203 826 inplenda
225 755 348 808 naturae
371 745 517 808 desideria
540 744 659 823 delungi
683 748 715 805 in
736 747 896 824 peregrina
912 750 941 804 et
956 743 1138 804 devictarum
1155 758 1226 820 gen-

27 840 44 889 4
62 835 135 894 tium
157 831 233 892 mala
255 830 411 911 inpulerat.
454 830 529 891 Hinc
552 832 671 909 saepius
693 837 870 907 conparatae
897 829 928 889 iu
956 837 1046 907 caput
1068 829 1140 888 eius
1153 826 1225 887 iusi-

59 917 140 987 diae,
170 918 299 978 secessio
326 915 453 976 militum
483 924 512 975 et
539 912 664 976 liberior
698 915 776 975 inter
809 920 927 974 mutuas
956 909 1103 989 querellas
1132 908 1225 982 dolor,

59 1003 152 1080 ipsius
167 1000 275 1061 deinde
289 1017 369 1061 uuna
385 1003 439 1069 ira,
462 1017 543 1060 nunc
562 1000 754 1078 suspiciones,
778 1017 850 1078 quas
872 997 1020 1059 excitabat
1041 993 1227 1057 inconsultus

24 1092 149 1167 operor
176 1095 334 1166 ceteraque
361 1084 407 1144 his
439 1083 561 1154 similia,
598 1102 673 1164 quae
702 1083 809 1145 deinde
836 1082 982 1143 dicentur.
1035 1081 1129 1159 lgitur
1158 1074 1249 1141 cumb

57 1172 241 1250 tempestivis
264 1170 405 1230 conviviis
427 1169 491 1229 dies
512 1171 624 1248 pariter
646 1177 808 1247 noctesque
830 1175 1033 1235 consumeret,
1061 1165 1226 1226 satietatem

59 1255 213 1336 epularum
247 1252 326 1314 ludis
361 1252 587 1332 interpellabat,
624 1272 684 1314 non
718 1258 875 1314 contentus
895 1246 1068 1319 artificum,
1092 1255 1179 1329 ¹quos
1212 1267 1228 1309 e

59 1341 184 1400 Graecia
206 1340 368 1408 exciverat,
396 1337 499 1398 turba:
529 1340 638 1418 quippe
660 1339 792 1416 captivae
814 1335 995 1397 iubebantur
1017 1353 1071 1397 suo
1094 1337 1157 1395 ritu
1180 1352 1226 1394 ca-

24 1429 131 1484 anere
159 1423 345 1483 inconditum
374 1432 403 1482 et
430 1421 595 1483 abhorrens
622 1423 789 1502 peregrinis
817 1421 937 1482 auribus
965 1437 1096 1482 carmen.
1145 1419 1227 1480 luter

59 1526 133 1586 quas
155 1525 244 1567 uuam
269 1505 350 1587 [rex]
373 1509 438 1587 ipse
461 1507 614 1587 conspexit
635 1508 828 1568 maestiorem
857 1523 945 1583 quam
967 1511 1083 1565 ceteras
1106 1510 1135 1563 et
1157 1521 1227 1583 pro·

58 1591 237 1654 ducentibus
259 1609 323 1652 eam
351 1592 519 1652 verecunde
546 1589 751 1653 reluctantem.
801 1589 957 1652 Excellens
985 1597 1050 1649 erat
1072 1589 1169 1649 lorma
1199 1593 1227 1647 et

58 1679 185 1739 sormam
206 1675 304 1753 pudor
325 1675 514 1739 honestabat:
544 1677 666 1737 deiectis
692 1678 723 1736 in
752 1683 863 1737 terram
891 1673 982 1735 oculis
1010 1682 1053 1749 et,
1083 1680 1226 1752 quantum

58 1761 175 1831 licebat,
199 1778 251 1822 ore
273 1759 368 1821 velato
383 1761 582 1840 suspicionem
596 1759 735 1839 praebuit
748 1762 821 1838 regi,
844 1757 1023 1820 nobiliorem
1039 1775 1113 1827 esse,
1137 1775 1226 1837 quam

25 1852 40 1901 7
59 1854 92 1908 ut
113 1848 191 1907 inter
214 1844 379 1907 convivales
401 1845 486 1907 ludos
509 1845 632 1907 deberet
654 1845 779 1907 ostendi.
817 1845 896 1922 Ergo
911 1846 1112 1921 interrogata,
1136 1859 1225 1921 quae-

56 1949 127 1992 nam
150 1937 234 2001 esset,
259 1932 370 2010 neptim
392 1948 423 1991 se
439 1930 523 2001 Ochi,
545 1931 597 2010 qui
619 1948 714 2009 nuper
735 1937 890 2008 regnasset
911 1931 942 1989 in
956 1927 1065 1997 Persis,
1088 1926 1149 1987 filio
1164 1927 1226 1987 eius

58 2017 187 2094 genitam
211 2033 276 2077 esse
298 2015 465 2095 respondit,
495 2033 617 2076 uxorem
640 2015 790 2094 Hystaspis
818 2015 918 2074 luisse.
963 2011 1156 2090 Propinquus
1178 2009 1225 2070 hic

23 2102 146 2162 allarei
173 2099 283 2170 luerat,
313 2101 411 2179 magni
438 2109 469 2161 et
495 2103 561 2178 ipse
589 2101 736 2161 exercitus
757 2105 895 2182 praetor.
939 2096 1044 2158 nunno
1071 2097 1102 2155 in
1125 2097 1223 2156 animo

56 2282 268 2351 lerbegannon
295 2290 352 2338 crst
377 2284 406 2338 in
432 2284 485 2339 den
507 2281 616 2338 Aband·
666 2285 738 2338 irae.
756 2280 808 2337 llas
818 2281 900 2337 Wort
909 2278 1191 2335 bedentetheineswe
1210 2295 1222 2333 s

57 2350 177 2408 stunden
204 2351 272 2429 nach
298 2350 346 2406 der
368 2350 545 2418 lieendigung
566 2350 615 2406 der
667 2351 763 2405 immer
776 2293 1223 2415 ‘einebereiunegonnonelianl-

57 2417 240 2487 Tagesarbert.
264 2447 298 2455 -
326 2418 486 2482 dulcedo,
512 2417 566 2485 vgl.
589 2422 613 2472 7.
667 2417 735 2484 lung
761 2415 979 2472 unterbrecben’
1007 2413 1129 2471 sondern
1157 2413 1225 2469 auch

56 2492 120 2543 7).7
150 2487 269 2542 dulcedo
292 2486 410 2542 bibendi.
436 2515 469 2525 —
496 2486 613 2553 lapsa,
667 2484 740 2539 ‘eine
773 2484 802 2551 in
834 2481 1037 2549 Vorbereitung
1076 2480 1225 2548 begriffone

56 2555 111 2610 wie
129 2570 223 2611 mores
240 2555 317 2620 lapsi
338 2555 377 2610 acl
393 2555 541 2618 mollitias,
560 2553 613 2609 Cia.
665 2551 811 2618 Handlung
829 2550 926 2616 (durch
943 2548 1097 2617 Einsprnch
1115 2565 1143 2604 u.
1160 2547 1224 2616 dgl.)

56 2623 131 2691 legg.
144 2627 168 2679 2,
178 2625 219 2679 38.
232 2651 265 2659 —-
278 2638 339 2677 sua
348 2644 382 2665 =
389 2625 485 2689 patrio
494 2623 548 2676 wie
560 2626 614 2677 al.
667 2617 886 2675 hintertreiben’.
898 2647 932 2655 —
945 2620 1143 2680 exciverat,
1157 2622 1224 2672 stir-

56 2695 89 2743 27
102 2709 130 2747 ιι.
144 2699 228 2746 unten
241 2688 259 2758 S
272 2694 288 2743 5
300 2706 352 2745 suo
364 2692 431 2745 ritu.
446 2717 480 2729 -
495 2689 614 2812 ⁰sf0n·
666 2683 896 2743 hererhusdruclr
908 2686 948 2764 als
960 2686 998 2740 ad
1009 2700 1040 2740 se
1052 2699 1223 2740 couuaaave·

56 2760 116 2814 air.
152 2759 199 2814 [lie
215 2756 319 2812 Phrase
341 2759 466 2813 animum
488 2758 616 2825 aicujus
668 2761 722 2810 rui.
745 2754 784 2809 Zu
801 2752 907 2810 denhen
921 2760 1001 2807 istan
1011 2752 1125 2818 sangar,
1138 2751 1224 2820 Spiel·

57 2826 204 2894 offendere
220 2848 254 2867 =
267 2825 322 2879 ‘bei
332 2825 486 2893 Jemandem
499 2827 615 2892 herger-
667 2822 750 2884 lente,
760 2819 1085 2898 l'echter,Scha‘uspieler
1095 2818 1225 2887 u.dgl.·-

57 2895 123 2956 niss,
135 2894 252 2948 Austoss
265 2899 391 2959 erregen’
410 2893 447 2948 ist
459 2892 614 2948 allerwarts
668 2889 815 2946 auribus
838 2888 913 2944 wohl
935 2887 1030 2942 batrv
1054 2887 1109 2942 wie
1127 2887 1183 2942 biv.
1201 2890 1224 2942 2.

57 2959 158 3026 luufig.
178 2958 387 3015 Sinnvorwandt
393 2961 429 3015 ist
438 2966 616 3016 mentesseu·
668 2962 708 3009 14.
728 2960 751 3020 1,
769 2956 860 3012 indem
873 2955 1032 3011 abhorrens
1044 2977 1078 2997 =
1091 2970 1149 3009 uon
1161 2970 1224 3010 con·

56 3042 162 3093 susque
182 3027 334 3082 vulnerare
358 3025 401 3081 bei
420 3025 473 3082 Cic.
491 3028 519 3081 in
538 3026 615 3082 Catil.
667 3028 784 3081 veniens
802 3021 906 3091 gelasst
924 3022 1003 3078 wird.
1038 3021 1167 3090 Dagegen
1189 3022 1225 3077 ist

57 3098 139 3150 1.17.
162 3121 196 3130 -
216 3110 279 3159 pro
301 3093 400 3148 hoste
417 3117 451 3136 =
467 3094 517 3149 als
535 3094 615 3147 Ver·
667 3093 711 3148 die
735 3090 1037 3148 Ablativconslructiun
1064 3087 1224 3145 unzweilel·

56 3162 172 3218 either
190 3177 229 3215 an
248 3160 305 3214 der
322 3159 453 3214 Nation-
667 3160 725 3216 halt
742 3163 767 3214 8.
785 3163 809 3213 6.
828 3163 852 3214 2.

90 3235 114 3282 3.
158 3228 614 3282 arao—viatuwie8.4.28.
705 3233 728 3283 6.
754 3228 951 3293 conspexit.
988 3223 1043 3279 Aul
1065 3223 1113 3279 das
1135 3223 1225 3292 Alige-

56 3247 186 3378 Ziemlich
199 3293 444 3361 gleichbedeutend
457 3295 513 3350 leui
524 3302 552 3350 et
560 3313 614 3375 pa·
665 3296 753 3374 meina
764 3292 1008 3374 imsslmperlehtum
1019 3290 1092 3359 lolgt
1101 3291 1149 3347 das
1160 3291 1224 3373 Spe·

57 3364 142 3420 rabili
159 3363 238 3419 cultu
255 3366 280 3418 3.
292 3366 317 3416 ὁ.
330 3367 355 3418 2.
371 3389 406 3398 —
422 3364 569 3432 defungar
581 3385 614 3405 =
666 3361 745 3418 orella
763 3377 799 3416 rm
812 3360 978 3416 Perlelrtum.
995 3388 1029 3396 -
1046 3362 1225 3427 suspicio-

56 3438 202 3489 contentos
220 3445 292 3486 esse.
328 3430 364 3486 So
387 3428 431 3484 bei
449 3430 540 3486 Livius
560 3430 616 3485 leui
666 3446 741 3486 uem
764 3429 938 3496 praebuit.
977 3426 1102 3482 lileselbe
1124 3426 1226 3482 Phrase

76 3517 148 3557 aena
177 3499 298 3568 defunpi
325 3521 359 3541 =
389 3498 456 3552 ‘mit
485 3498 615 3566 geringer
665 3498 713 3553 hat
730 3497 800 3552 auch
813 3496 903 3565 Nepos
923 3498 975 3560 (17.
994 3498 1018 3548 8.
1036 3492 1064 3560 2)
1083 3495 1140 3549 und
1154 3510 1226 3549 zwar

53 3520 147 3624 {truie
165 3568 224 3622 sich
242 3565 409 3634 begndgen’.
442 3594 469 3607 ·-
501 3573 535 3622 el
556 3567 613 3621 de·
667 3564 798 3622 ebenlalls
826 3563 855 3620 in
881 3562 1058 3629 Verbindung
1089 3562 1139 3616 mit
1165 3562 1225 3617 dem

56 3639 234 3692 uictarum.
253 3635 291 3689 El
301 3655 336 3680 =
348 3634 413 3689 und
426 3634 511 3690 noch
525 3634 614 3689 danu.
666 3649 720 3688 acc.
734 3649 756 3688 c.
768 3630 816 3686 inl.
835 3630 904 3686 nach
918 3628 1051 3696 Analogia
1064 3646 1118 3685 von
1131 3630 1224 3697 suspi-

89 3708 114 3756 4.
143 3704 346 3758 liberior-
370 3701 475 3758 dolor.
515 3701 616 3757 Ueber·
667 3703 710 3756 eia
728 3705 778 3755 est.
809 3698 855 3753 bio
874 3697 1010 3753 Classiher
1028 3712 1112 3764 sagen
1131 3698 1224 3753 meist:

56 3779 149 3826 setzez-
176 3771 220 3825 ihr
241 3768 398 3832 llissmulb,
426 3770 474 3824 der
501 3769 560 3824 sich
586 3768 615 3821 in
667 3769 859 3835 suspicionem
877 3766 965 3821 alicui
981 3780 1106 3828 mouere,
1124 3764 1225 3832 facere

55 3839 172 3895 bitterer
201 3836 395 3893 Wechselrede
428 3854 490 3892 nur
524 3835 615 3892 allzu
666 3835 732 3891 aber
750 3835 820 3890 auch
837 3831 956 3902 afferre,
974 3835 1054 3888 clare.

56 3905 362 3972 rreimurhigaussone.
390 3903 614 3970 Querellaesind
679 3907 724 3983 Ι7.
746 3901 831 3958 Ochi
847 3918 868 3956 s.
887 3904 1021 3957 3.13.12.
1052 3898 1225 3954 biePersdu-

56 3973 290 4038 ‘heschwerden’‚
308 3972 363 4027 wie
375 3975 457 4038 queri
473 3974 508 4028 de
521 3971 615 4037 aliquo
666 3969 779 4025 lrchheit
802 3970 849 4025 des
873 3969 910 4023 im
928 3967 1086 4036 uolgenuen
1104 3976 1225 4033 genanu-

57 4042 127 4098 ‘sich
150 4041 219 4096 iiber
244 4039 390 4108 jemanden
415 4039 614 4096 beschweren’.
667 4046 713 4095 ten
736 4037 758 4092 ll
779 4045 886 4105 staspes
908 4035 977 4092 lissi
999 4035 1057 4090 sich
1082 4034 1160 4089 nicht
1178 4034 1226 4088 mit

55 4143 89 4152 -
106 4111 242 4164 deiude.
270 4107 295 4186 S.
313 4107 383 4163 uber
400 4107 452 4163 den
472 4106 614 4163 Gebrauch
667 4054 821 4161 Sicherlreit
844 4102 1015 4165 leststellen;
1043 4102 1092 4157 das
1114 4100 1225 4157 Perleh·

57 4177 105 4232 der
123 4174 242 4232 Partilrel
259 4173 328 4231 limi.
346 4175 364 4240 8
383 4178 424 4230 22.
463 4231 466 4237 ,
666 4181 726 4229 tum
742 4172 837 4240 fuisse
849 4170 949 4226 druckt
961 4187 1022 4234 aus,
1042 4169 1106 4224 dass
1119 4170 1162 4225 die
1176 4169 1225 4225 Ge·

90 4248 113 4300 5.
136 4242 398 4310 interpellabat.
428 4241 615 4309 vg1.l.iv.e.
667 4238 767 4307 langue
794 4239 874 4294 ihren
902 4238 1000 4293 Gatten
1026 4238 1088 4294 todt
1115 4235 1226 4305 glauhte

57 4315 97 4365 14.
117 4315 149 4364 13
167 4312 200 4367 ob
211 4309 421 4376 interpellatam
438 4310 616 4366 dnlcedinem
668 4305 750 4374 (doch
769 4324 791 4362 s.
809 4306 827 4372 8
845 4307 882 4373 8).
