2752 4776
131 254 173 319 94
586 270 619 330 o.
643 269 746 318 cunm
768 270 850 318 num

130 458 173 472 -
194 426 299 486 lertur.
336 423 513 485 Torrentem
529 442 598 485 eum
613 428 697 504 ripae
719 426 750 485 in
772 433 892 486 tenuem
908 423 1024 485 alveum
1045 432 1171 503 coguut,
1195 422 1298 487 deiude

97 527 256 578 acaverna
279 509 386 587 accipit
413 515 443 569 et
464 506 519 568 sub
547 518 656 569 terram
685 511 772 586 rapit
824 511 936 572 Cursus
964 507 1132 569 absconditi
1160 506 1299 570 indicium

131 602 177 655 est
198 610 291 671 aquae
313 594 437 653 meantis
459 609 565 661 sonus,
590 610 657 654 cum
680 595 778 672 ipsum
800 593 909 660 solum,
933 591 990 654 sub
1011 609 1070 672 quo
1095 600 1196 653 tantus
1210 595 1302 655 amuis

96 677 210 747 siluit,
233 695 271 738 ne
286 677 403 737 modico
425 676 544 754 quidem
568 677 689 737 resudet
711 676 847 738 humore.
884 677 928 737 Ex
944 677 1068 756 captivis
1083 675 1299 754 Sogdianorum

131 763 167 823 ad
190 778 291 840 regem
313 782 376 821 xxx
398 758 575 821 nobilissimi
598 778 757 840 corporum
779 761 888 822 robore
911 762 1019 821 eximio
1041 758 1183 838 perducti
1204 768 1302 824 erant:

131 848 181 925 qui
203 854 237 906 ut
256 863 312 925 per
326 847 522 924 interpretem
539 851 741 922 cognoverunt
761 845 846 907 iussu
867 847 949 923 regis
970 845 1053 924 ipsos
1068 844 1106 905 ad
1122 843 1300 923 suppliciunt

131 930 223 1000 trabi,
259 946 379 990 carmen
413 927 587 989 laetantium
615 928 705 989 modo
734 947 843 990 canere
868 929 1066 1009 tripudiisque
1096 937 1127 989 et
1154 927 1298 990 lasciviori

131 1016 266 1092 corporis
308 1022 391 1074 motu
433 1013 572 1090 gaudium
614 1011 762 1092 quoddam
805 1014 895 1074 animi
937 1020 1090 1075 ostentare
1127 1020 1295 1091 coeperunt.

96 1097 300 1163 oeldmiratus
330 1095 404 1177 [est]
435 1115 502 1166 rex,
531 1104 610 1157 tanta
638 1098 843 1175 magnitudine
872 1098 963 1158 animi
991 1102 1136 1177 oppetere
1165 1104 1299 1167 mortem,

130 1185 265 1245 revocari
288 1200 340 1242 eos
361 1182 463 1251 iussit,
493 1198 612 1241 causam
640 1189 702 1241 tam
725 1181 836 1242 eliusae
858 1179 1003 1251 laetitiae,
1029 1199 1099 1242 cum
1122 1181 1301 1260 suppliciunt

96 1276 198 1331 cante
225 1265 328 1327 oculos
354 1264 516 1344 baberent,
550 1267 718 1344 requirens.
767 1265 828 1335 lili,
862 1267 888 1325 si
919 1264 957 1326 ab
990 1263 1047 1325 alio
1079 1265 1302 1335 occiderentur,

44 1376 48 1381 ·
132 1353 231 1411 tristes
258 1352 423 1411 morituros
451 1349 543 1410 luisse
570 1349 767 1428 respondent:
801 1367 883 1412 nnnc
911 1367 927 1410 a
960 1356 1044 1410 tanto
1072 1366 1162 1427 rege,
1193 1350 1304 1411 victore

131 1436 263 1495 omnium
286 1435 432 1509 gentium,
455 1433 617 1494 maioribus
639 1435 700 1495 suis
722 1434 854 1496 redditos
875 1434 1029 1496 honestam
1047 1439 1195 1504 mortem,
1218 1450 1302 1512 quam

130 1518 223 1578 iortes
246 1518 299 1576 viri
321 1524 388 1577 voto
410 1535 530 1597 quoque
545 1524 734 1595 expeterent,
758 1517 940 1580 carminibus
956 1520 1000 1579 sui
1015 1518 1109 1579 moris
1131 1517 1304 1597 laetitiaque

97 1599 293 1665 rcelebrare.
352 1599 427 1661 'lum
464 1619 518 1662 rex
554 1600 716 1663 admiratus
751 1603 984 1680 magnitudinem
1022 1602 1128 1670 animi,
1174 1600 1301 1673 ‘Quaero

130 1689 246 1765 itaque,
276 1704 312 1746 an
336 1687 433 1746 vivere
457 1685 554 1747 velitis
576 1704 636 1747 non
658 1687 772 1748 inimici
799 1686 886 1755 mibi,
915 1688 1000 1748 cuius
1027 1685 1176 1747 beneficio
1198 1684 1301 1747 victuri

96 1770 230 1836 sestisi'
273 1768 319 1830 lili
339 1786 502 1849 numquam
530 1787 563 1830 se
591 1772 731 1832 inimicos
760 1772 803 1840 ei,
832 1770 883 1831 sed
912 1769 989 1831 bello
1016 1768 1172 1831 lacessitos
1201 1770 1302 1831 hostes

129 1855 221 1916 luisse
248 1855 444 1933 respondent:
473 1857 498 1915 si
527 1855 593 1933 quis
620 1856 701 1936 ipsos
728 1854 874 1917 beneflcio
908 1871 996 1932 quam
1029 1854 1141 1915 iniuria
1170 1853 1299 1933 experiri

96 1953 112 2001 9
129 1938 295 2008 maluisset,
319 1947 484 2000 certaturos
505 1939 611 2007 luisse,
635 1957 675 1999 ne
695 1938 883 2000 vincerentur
897 1939 1006 1999 officio.
1050 1935 1297 2017 interrogatique,

130 2040 187 2101 quo
221 2025 347 2101 pignore
379 2022 468 2082 fidem
501 2021 661 2100 obligaturi
697 2031 811 2093 essent,
850 2022 954 2092 vitam,
993 2039 1080 2101 quarn
1118 2024 1297 2102 acciperent,

130 2108 249 2184 pignori
278 2106 407 2167 loturam
436 2123 500 2167 esse
528 2106 681 2168 dixerunt:
711 2105 896 2176 reddituros,
925 2105 1102 2186 quandoque
1130 2108 1297 2184 repetisset.

129 2191 192 2252 Nec
218 2191 397 2269 promissum
425 2188 605 2252 leiellerunt.
655 2189 729 2252 Nam
757 2193 808 2271 qui
835 2192 952 2252 remissi
980 2189 1084 2250 domos
1112 2199 1215 2258 erant,
1243 2188 1298 2250 dde

130 2276 307 2335 continuere
328 2271 501 2354 populares:
525 2282 665 2354 quattuor
688 2276 767 2336 inter
789 2273 928 2336 custodes
943 2277 1080 2354 corporis
1100 2276 1213 2335 retenti
1227 2271 1297 2335 nulli
1335 2350 1338 2355 Ι

129 2357 324 2419 Macedonum
345 2359 376 2418 in
398 2375 501 2436 regem
524 2360 647 2420 caritate
684 2368 849 2422 cesserunt.

129 2540 212 2596 nach
231 2540 501 2604 (vonWestennaeb
514 2541 622 2606 Osten),
635 2542 689 2598 wie
740 2541 795 2598 licb
822 2539 962 2597 dieselben
983 2540 1082 2595 Worte
1104 2539 1188 2594 stebn
1214 2502 1296 2595 sebon

129 2614 209 2664 rectu
235 2611 350 2676 rarione
373 2613 396 2660 7.
423 2613 453 2671 4;
477 2613 500 2661 8.
523 2613 548 2662 9.
579 2615 603 2665 2.
647 2610 699 2664 An'
741 2607 804 2676 So,
824 2608 889 2665 aber
902 2609 929 2663 C.
943 2605 1110 2663 wiederbolt
1122 2607 1201 2662 nicht
1212 2605 1296 2663 selten

129 2675 259 2731 letzterer
283 2674 367 2731 Stelle
393 2674 480 2732 bildet
505 2682 586 2732 rectu
609 2680 687 2744 regio
740 2676 878 2733 dieselben
900 2675 1022 2731 Pbrasen
1048 2672 1115 2729 kurz
1146 2674 1218 2729 nach
1243 2674 1296 2729 ein·

738 2744 834 2808 ander,
856 2762 879 2800 z.
896 2744 925 2800 B.
949 2745 1024 2798 inter
1046 2755 1124 2797 succo
1146 2741 1299 2808 defluerent

740 2815 779 2864 lt.
799 2816 831 2865 13
848 2829 876 2867 u.
895 2815 936 2866 15.
955 2838 988 2848 -
1005 2811 1132 2875 itaque.
1156 2807 1245 2864 Ueber
1256 2807 1297 2864 dle

738 2876 865 2946 Stellung
883 2896 906 2933 s.
924 2877 992 2932 Einl.
1010 2877 1072 2942 861
1086 2875 1112 2932 d.
1142 2874 1178 2930 lia
1198 2874 1226 2932 C.
1247 2890 1297 2930 nur

738 2946 799 3001 bier
811 2945 885 3001 diese
899 2944 1027 3010 Stellung
1038 2943 1098 3004 liat,
1117 2942 1151 2998 da
1165 2959 1196 2998 er
1208 2940 1297 2998 lemer

129 2742 173 2810 (=
193 2742 443 2810 langenricbtungi
474 2744 554 2799 einen
582 2744 687 2811 Gegan-

128 2818 185 2866 satz
216 2827 251 2865 au
279 2810 409 2872 latitudo,
445 2811 522 2866 nicht
552 2826 583 2866 so
618 2812 686 2868 bier.

127 2878 183 2933 Aul
215 2876 259 2932 die
291 2878 478 2944 ausgedebnte
512 2876 614 2946 Steppe
649 2879 686 2934 im

127 2944 244 3000 Westen
258 2943 416 3010 Sogdiana’s
435 2943 522 3012 iolgte
541 2946 591 3001 der
609 2945 687 3013 lang—

128 3025 251 3079 gezogne
269 3010 428 3066 lrucbtbare
440 3010 559 3067 Streilen
578 3029 613 3068 zu
631 3011 687 3069 bei-

128 3079 181 3133 den
194 3077 288 3134 Seiton
297 3078 345 3133 des
358 3077 477 3133 Flusses.
488 3104 522 3117 ·-
534 3081 545 3133 i
550 3080 685 3143 ncolue,

128 3146 153 3200 d.
171 3144 198 3199 b.
214 3144 258 3199 die
281 3149 411 3211 spateren
428 3144 686 3211 griechischmaoe-

128 3212 278 3268 donischen
288 3210 433 3266 Ansiedler
445 3211 472 3265 in
483 3212 567 3278 jenen
581 3212 686 3280 (legen-

129 3280 189 3334 den.
210 3306 238 3316 -
259 3278 320 3333 sud
338 3284 470 3333 terrum
487 3281 580 3346 rupit
596 3302 630 3323 =
644 3278 686 3341 alo

127 3341 181 3470 ili·
204 3339 599 3481 litttetittl‘itdi
620 3349 687 3471 itt

127 3481 381 3549 Ser-afrodin)
410 3482 457 3536 bat
484 3482 686 3545 verschiedeue,

128 3549 252 3605 ziemlich
269 3548 402 3617 parallelo
414 3551 508 3613 Arme,
528 3565 581 3605 von
599 3549 687 3605 denen

128 3617 250 3672 einzelne
282 3617 341 3671 sich
369 3616 407 3670 im
434 3615 505 3671 Sand
536 3615 686 3679 verlaulen,

127 3685 203 3764 einer
226 3684 284 3740 sich
306 3684 334 3739 in
357 3683 411 3739 den
434 3683 485 3739 See
501 3682 621 3739 llaralml
644 3699 686 3738 er·

127 3760 221 3820 gresst.

159 3837 472 3903 teucaptioiseto.
495 3834 686 3890 Auchlliodor
738 3835 757 3900 8

126 3904 174 3959 hat
201 3903 289 3958 davon
316 3903 453 3958 bericbtet
479 3902 547 3957 nach
571 3902 619 3956 der
643 3901 685 3956 ln·

126 3969 303 4038 haltsangabe
321 3988 355 4024 zu
373 3971 401 4025 Β.
420 3968 493 4024 XVll.

160 4041 184 4089 6.
205 4054 295 4092 nuuc
312 4060 345 4081 =
362 4039 418 4090 νῦν
438 4034 486 4102 da',
505 4037 560 4091 wie
578 4041 602 4093 3.
620 4040 644 4091 t.
660 4040 684 4092 5.

126 4131 159 4142 -
181 4108 238 4160 sui
259 4108 366 4161 moris
388 4105 442 4159 wie
465 4107 488 4160 9.
507 4107 532 4159 4.
551 4108 593 4155 24.
624 4104 683 4170 Vgl.

126 4173 360 4290 anc1h2sgc'omore
378 4176 403 4223 2.
423 4176 436 4222 1
456 4188 481 4226 u.
503 4173 550 4226 sui
571 4175 685 4239 poneris

125 4243 575 4361 5'r.'ad}niratus...anim2·.
599 4306 684 4362 Zienr·

739 3013 854 3093 immer
877 3011 984 3080 (ausser
1007 3016 1030 3064 6.
1039 3016 1072 3090 .9·
1093 3010 1139 3091 ab)
1161 3008 1296 3090 aul‘Tuttt

739 3094 808 3144 reae,
821 3079 869 3135 alle
882 3097 908 3135 u.
922 3078 1009 3146 dergl.
1022 3093 1066 3134 em
1078 3083 1121 3133 ost
1131 3077 1201 3133 oder
1210 3080 1297 3144 mque

738 3144 833 3213 loigen
850 3146 933 3227 lisst,
955 3163 987 3201 so
1007 3143 1149 3266 emplieblt
1172 3145 1234 3200 sich
1255 3143 1297 3199 die

737 3212 1296 3359 latitiasteti-liiidie

737 3345 875 3402 blerben
901 3346 994 3425 solit.
1038 3344 1112 3401 Nach
1142 3345 1205 3401 dem
1231 3349 1299 3402 bus·

739 3414 825 3470 druck
852 3414 932 3493 stand
961 3414 1051 3469 dieser
1076 3412 1227 3469 Beschluss
1257 3410 1296 3469 bei

738 3480 814 3538 Alex.
832 3479 935 3537 bererts
953 3480 1023 3541 lest,
1041 3478 1081 3535 als
1101 3496 1131 3536 er
1150 3478 1250 3549 lragte.

772 3570 796 3621 9.
820 3565 1018 3633 odliputuri.
1057 3562 1118 3618 blan
1146 3571 1228 3629 sagta
1254 3578 1299 3621 so·

739 3631 816 3687 wohl
834 3647 895 3688 rem
910 3633 1025 3700 pignori
1036 3629 1076 3686 als
1091 3631 1163 3686 auch
1177 3633 1296 3699 pignore

739 3696 1296 3767 obligure=verpltnden.-quou-

739 3768 846 3834 doque
859 3784 880 3822 s.
888 3783 940 3821 ua.
951 3766 1186 3834 quandocunque,
1198 3781 1221 3820 s.
1231 3763 1299 3820 Einlt

776 3839 808 3887 13
830 3834 856 3890 b.
882 3862 916 3871 -
938 3836 1157 3901 promissum.
1192 3831 1296 3897 Analog

738 3909 800 3968 sagt
818 3902 927 3957 Cicero:
953 3902 1038 3968 sidem
1054 3899 1160 3967 follere
1177 3921 1212 3942 =
1230 3898 1297 3954 ‘sein

737 3969 819 4024 Wort
834 3968 975 4031 brechen’,
993 3967 1051 4023 und
1063 3966 1144 4024 Ovid:
1164 3967 1296 4022 manuue

736 4035 850 4104 follere.
870 4061 900 4073 -
923 4035 1077 4097 remissi,
1096 4033 1151 4102 vgl.
1172 4039 1213 4090 10.
1227 4037 1251 4085 2.
1266 4034 1297 4083 lb

736 4102 1295 4172 remittidomos.-fidecontinuere

736 4171 792 4225 tvie
809 4171 864 4225 biv.
883 4175 925 4227 30.
942 4175 983 4226 20.
1002 4174 1026 4226 ὅ.
1056 4170 1163 4225 Anders
1182 4167 1295 4237 gedacbt

737 4237 797 4294 sind
815 4237 859 4293 die
870 4236 998 4304 naufigen
1011 4236 1138 4293 rornetn
1155 4238 1187 4292 in
1204 4234 1294 4314 effipia

737 4308 895 4369 continere,
925 4308 956 4360 iu
983 4306 1040 4374 fide
1073 4319 1199 4360 mouere.
1234 4302 1296 4358 llter
