2752 4776
146 288 188 352 82
593 289 626 351 n.
645 285 754 339 ouem
771 287 859 338 nnxx

146 458 335 536 abscissaque
351 464 446 526 veste,
469 457 588 536 pristini
610 455 728 516 decoris
749 457 955 526 immemores,
979 459 1098 536 reginas
1120 456 1313 536 dominasque

94 555 129 602 ee
148 545 225 601 veris
248 539 411 619 quondam,
437 551 507 601 tunc
530 539 634 602 alienis
656 538 828 601 nominibus
850 542 1030 603 invocantes.
1074 539 1146 603 lllae
1168 556 1240 601 suae
1268 561 1314 603 ca-

147 626 286 687 lamitatis
308 624 431 696 oblitae,
460 627 492 684 in
516 632 582 685 utro
605 642 698 686 cornu
721 622 833 685 Dareus
856 627 1000 695 stetisset,
1022 644 1097 705 quae
1119 626 1240 687 fortuna
1258 624 1314 688 dis·

147 711 280 770 criminis
302 710 417 779 luisset,
446 707 653 789 requirebant:
682 706 831 785 negabant
852 728 884 770 se
906 715 1024 789 captas,
1058 713 1085 771 si
1112 712 1226 772 viveret
1252 729 1314 772 rex.

147 795 206 855 Sed
228 791 311 854 illum
335 812 427 874 equus
449 792 576 855 subinde
597 798 760 853 mutantem
782 790 900 872 longius
922 791 992 872 luga
1014 792 1186 856 abstulerat.

95 888 128 935 27
232 877 266 938 ln
289 880 353 940 acie
375 883 474 939 autem
496 895 582 938 caesa
604 882 674 936 sunt
701 875 858 938 Persarum
889 877 1022 957 peditum
1045 897 1061 939 c
1084 878 1181 949 milia,
1211 879 1316 940 decern

147 965 288 1042 equitum.
333 964 370 1024 At
392 981 408 1022 a
430 969 515 1039 parte
536 958 696 1021 Alexandri
719 959 754 1020 ad
778 969 918 1039 quattuor
939 964 1024 1023 milia
1046 964 1202 1043 quingenti
1223 965 1317 1025 saucii

146 1047 245 1117 fuere,
275 1065 311 1108 ex
334 1044 482 1126 peditibus
506 1055 568 1105 ccc
592 1044 712 1105 omnino
737 1050 766 1104 et
794 1044 852 1107 duo
882 1045 1041 1108 desiderati
1068 1055 1152 1118 sunt,
1182 1050 1317 1125 equitum

147 1138 266 1193 centum
290 1131 502 1209 quinquaginta
531 1129 690 1189 interfecti.
734 1128 859 1190 Tantulo
888 1131 1030 1210 inpendio
1059 1133 1165 1210 ingens
1195 1133 1317 1193 victoria

145 1219 235 1278 stetit.

651 1345 728 1407 Can.
752 1345 812 1407 Xll.

113 1468 125 1512 1
231 1451 294 1511 Rex
317 1448 436 1533 quidem
460 1446 586 1507 Dareum
609 1447 817 1527 persequendo
841 1447 992 1527 fatigatus,
1020 1456 1178 1530 postquam
1202 1458 1231 1512 et
1258 1460 1353 1528 nex3(

147 1536 318 1617 adpetebat,
349 1541 379 1593 et
401 1530 603 1610 consequendi
625 1549 695 1611 spes
717 1549 777 1592 non
801 1539 879 1603 erat,
908 1534 938 1594 ln
968 1540 1063 1595 castra
1090 1533 1178 1614 paulo
1208 1543 1279 1596 ante
1300 1555 1317 1598 a

112 1624 208 1681 esuis
231 1627 316 1699 capta
337 1618 481 1697 pervenit,
525 1616 646 1677 invitari
668 1614 776 1677 deinde
798 1617 921 1687 amicos,
944 1616 1052 1695 quibus
1067 1620 1196 1680 maxime
1211 1619 1317 1682 adsue·

147 1712 242 1775 verat,
271 1703 372 1772 iussit,
401 1703 512 1780 quippe
535 1718 649 1761 summa
677 1700 828 1761 dumtaxat
855 1703 932 1761 cutis
960 1703 990 1762 in
1018 1703 1128 1764 lemine
1155 1706 1317 1783 perstricte

115 1802 129 1848 3
148 1808 208 1849 non
231 1785 409 1868 prohibebat
430 1787 577 1845 interesse
606 1785 751 1845 convivio:
776 1802 844 1846 cum
866 1793 991 1865 repente
1014 1805 1030 1847 e
1052 1789 1189 1867 proximo
1216 1786 1317 1851 taber·

146 1873 253 1935 naculo
276 1869 410 1951 lugubris
431 1869 544 1930 clamor
566 1867 695 1944 barbaro
718 1866 831 1930 ululatu
853 1867 1032 1949 planctuque
1055 1873 1221 1950 permixtus
1243 1891 1316 1953 epu-

146 1958 242 2020 lantes
265 1955 438 2019 conterruit.
470 1953 583 2016 Cohors
599 1969 729 2033 quoque,
754 1969 830 2030 quae
852 1952 1016 2015 excubabat
1037 1955 1075 2016 ad
1089 1954 1319 2019 tabernaculum

145 2046 240 2122 regis,
264 2044 372 2111 verita,
403 2057 440 2100 ne
463 2039 584 2099 maioris
605 2043 703 2099 motus
724 2038 905 2117 principium
927 2045 1018 2109 esset,
1049 2057 1165 2102 murare
1193 2060 1227 2102 se
1248 2059 1317 2103 cce·

111 2135 241 2204 eperat.
287 2125 382 2187 Causa
405 2121 494 2185 subiti
516 2123 633 2202 pavoris
655 2122 724 2191 luit,
754 2121 833 2201 qued
856 2129 951 2183 mater
973 2141 1107 2202 uxorque
1130 2123 1220 2186 llarei
1247 2142 1316 2187 cum

147 2213 267 2290 captivis
289 2207 439 2269 nobilibus
462 2224 580 2284 regem,
604 2223 693 2285 quem
713 2205 904 2267 interiectum
921 2224 986 2269 esse
1001 2207 1178 2278 credebant,
1202 2210 1316 2288 ingenti

113 2303 128 2350 5
147 2297 259 2372 gemitu
282 2290 452 2370 eiulatuque
475 2288 633 2350 deflebant.
677 2288 761 2349 Unus
783 2306 911 2368 namque
934 2310 951 2352 e
973 2293 1095 2370 captivis
1122 2292 1319 2373 spadonibus,-

147 2380 197 2456 qui
219 2377 296 2437 torte
319 2381 387 2435 ante
408 2377 541 2453 ipsarum
558 2371 779 2434 tabernaculum
799 2381 936 2446 steterat,
960 2376 1133 2448 amiculum,
1156 2376 1236 2456 quud
1259 2376 1316 2439 lla·

146 2479 231 2531 reus,
254 2461 332 2521 sicut
353 2456 441 2537 paulu
464 2464 532 2518 ante
555 2457 665 2517 dictum
689 2463 748 2527 est,
771 2475 810 2519 ne
833 2458 912 2520 cultu
933 2459 1127 2538 proderetur,
1156 2460 1315 2531 abiecerat,

146 2550 177 2607 in
200 2543 337 2607 manibus
360 2544 438 2612 eius,
462 2543 513 2620 qui
533 2547 687 2621 repertum
709 2541 838 2614 terebat,
863 2546 981 2622 agnovit
995 2553 1137 2625 ratusque
1156 2545 1315 2607 interiecto

112 2630 127 2677 6
146 2631 310 2693 detractum
335 2646 400 2689 esse
422 2627 529 2687 falsum
551 2627 686 2686 nuntium
710 2629 816 2688 mortis
840 2629 904 2688 eius
931 2627 1078 2692 attulerat.
1124 2630 1187 2690 Hoc
1210 2629 1315 2693 mulie·

146 2735 213 2777 rum
243 2731 346 2776 errore
375 2718 518 2792 conperto
547 2710 714 2772 Alexander
741 2711 878 2773 fortunae
906 2710 994 2773 Darei
1022 2721 1051 2774 et
1078 2715 1182 2791 pietati
1212 2732 1315 2776 earum

145 2798 349 2861 inlacrimasse
377 2797 483 2857 fertur.
527 2798 568 2856 Ac
590 2796 688 2872 primo
709 2794 902 2866 Mithrenem,
937 2798 988 2876 qui
1010 2796 1112 2858 Sardis
1139 2798 1314 2869 tradiderat,

113 2885 275 2963 eperitum
299 2883 418 2956 linguae
441 2880 592 2948 Persicae,
615 2881 661 2939 ire
684 2878 720 2938 ad
743 2878 938 2941 consolandas
960 2899 1009 2942 eas
1031 2883 1169 2944 iusserat.
1199 2884 1315 2946 Veritus

146 3064 254 3133 spricht
270 3079 324 3117 ven
342 3053 376 3114 οὗ
389 3059 494 3112 πολλαὶ
512 3064 704 3139 γυνοςῖκες,-
961 3099 1019 3150 cst
1047 3100 1102 3153 XII

146 3125 704 3191 constiterat=stebat,s.E1nl.S.31.
1022 3138 1029 3150 ·
1103 3137 1110 3151 ·
1280 3191 1283 3196 ,

145 3198 307 3254 b.rtnm.—
326 3198 545 3258 invocantes,
561 3194 703 3256 annulend,
791 3200 814 3250 1.
843 3198 1030 3264 adpetebat
1061 3198 1235 3256 ‘allmdblicb
1269 3216 1314 3256 an·

145 3263 282 3321 anredend
296 3263 335 3318 nls
349 3269 400 3318 etc.
755 3263 859 3327 bracb,'
873 3264 928 3320 wie
944 3263 1156 3332 §.incedebat
1179 3266 1313 3335 vgiliinl.

180 3336 222 3387 26.
236 3330 458 3387 discriminis
470 3350 503 3370 =
517 3343 632 3406 pennae
645 3346 667 3383 s.
679 3332 703 3383 8.
755 3329 781 3398 S.
793 3334 855 3387 410.

145 3405 185 3455 20.
199 3427 233 3436 —
249 3399 390 3465 leucius
409 3396 517 3449 ‘weiter
534 3394 590 3450 und
608 3410 704 3450 emmer
789 3401 813 3452 2.
826 3399 1053 3466 adsueverat.
1067 3399 1146 3456 Sinn:
1159 3400 1314 3457 ‘mildenen

145 3469 265 3524 weiter’.
537 3530 542 3541 1
673 3529 679 3542 ‚
757 3482 786 3520 er
799 3480 841 3520 am
854 3473 1147 3523 vertrautestenwar’.
1171 3467 1314 3525 Ueberdie

179 3539 221 3588 27.
233 3537 245 3587 i
250 3549 268 3587 n
281 3535 355 3588 acie
368 3535 488 3586 eutem.
514 3529 607 3584 Dreser
618 3526 642 3597 S.
653 3528 704 3585 brl·
757 3531 865 3588 Consti.
879 3533 927 3588 des
940 3532 1073 3590 Verbums
1086 3552 1108 3591 s.
1120 3533 1191 3590 Einl.
1204 3533 1232 3604 S.
1245 3538 1279 3589 28
1291 3552 1313 3591 z.

146 3603 192 3657 det
210 3600 289 3655 einen
311 3598 476 3653 sclrwachen
498 3596 536 3652 Ge
557 3604 649 3652 ensate
671 3614 704 3652 zu
755 3599 839 3655 Ende.
852 3599 1035 3667 -femine
1056 3601 1192 3658 dbitdet:
1204 3603 1312 3670 femur,

145 3665 515 3735 dem§.20—26Erzdbltcn.
553 3663 703 3720 ebersetee:
753 3667 1171 3734 seminicperstricteist=
1196 3668 1313 3727 estrellt.

144 3736 172 3790 in
185 3732 479 3812 dereigentlichen
492 3730 627 3788 Schlacht.
640 3760 672 3769 -
685 3750 703 3786 α
789 3738 813 3790 3.
830 3749 903 3789 cum
927 3742 1082 3802 repente.
1118 3734 1154 3792 Es
1176 3684 1248 3793 fehlt
1264 3736 1314 3793 der

142 3808 245 3871 parte
258 3802 355 3856 Alex.
367 3816 422 3855 wie
437 3817 455 3855 α
465 3799 703 3866 perteRomano·
754 3800 1036 3867 Zwiscbengedanke:
1058 3805 1115 3858 iam
1133 3818 1169 3860 ue
1186 3805 1314 3860 inierant
1334 3832 1345 3841 -

145 3889 210 3928 rum
225 3869 281 3925 biv.
293 3872 335 3926 44.
343 3872 377 3921 40
390 3884 416 3923 n.
432 3868 460 3922 in
472 3867 606 3934 gleichem
620 3865 703 3922 Sinne
754 3870 788 3933 (5.
806 3872 830 3947 t.
842 3867 870 3948 ξ)
882 3872 1048 3927 convivium.
1077 3821 1204 3928 cobors
1220 3871 1258 3927 ist
1269 3870 1313 3926 die

146 3941 180 3994 ab
193 3939 286 3995 altere
298 3942 385 4004 perte
402 3933 475 4014 dues.
488 3935 514 3989 b.
532 3950 556 3989 c.
573 3939 597 3988 3.
617 3938 657 3990 19.
669 3959 703 3970 -
753 3934 911 4003 ldnrgbche
927 3937 1042 4001 Wache,
1067 3952 1189 4005 genauer
1210 3938 1312 3995 cultore

144 4006 280 4062 tantulo
294 4007 368 4071 inp,
379 4018 528 4069 wreperce
538 4004 568 4056 in
590 4004 702 4056 etet.
755 4003 836 4070 repta
848 4011 977 4070 genennt.

144 4074 199 4128 lten
209 4072 320 4127 Verlust
333 4071 380 4126 der
392 4069 487 4124 Perscr
503 4018 627 4146 beziblert
638 4070 700 4123 Arr.
786 4074 812 4124 4.
824 4073 986 4138 captivis,
1000 4071 1076 4128 wohl
1086 4088 1148 4130 vom
1161 4089 1236 4130 nom.
1245 4089 1312 4141 cep-

144 4139 192 4196 aut
204 4143 312 4202 100,000
321 4138 362 4201 M„
375 4137 498 4204 dagegen
508 4135 582 4191 brcd.
593 4152 619 4192 u.
628 4135 701 4190 Plut.
753 4138 835 4193 tibae.
847 4166 880 4175 -
892 4141 985 4195 sicut
997 4140 1077 4196 dict.
1089 4147 1155 4207 est,
1169 4144 1210 4197 11.
1225 4144 1266 4198 lt.

144 4209 199 4262 wic
209 4205 236 4262 C.
246 4204 411 4268 aut110‚000
420 4203 451 4259 ll.
473 4202 561 4260 Ueber
573 4202 626 4258 den
636 4202 701 4282 Ver·
787 4208 810 4261 6.
820 4203 1035 4264 Mithrenem.
1048 4207 1310 4265 AlsVerrdthervcn

143 4275 201 4331 lust
218 4273 267 4330 der
286 4271 457 4329 blacedcnier
474 4271 522 4325 bat
541 4272 601 4326 Arr.
622 4269 701 4325 kerne
754 4270 852 4329 Sardes
865 4274 937 4330 wird
951 4275 1059 4332 erauch
1070 4274 1309 4334 vunllrr.u.ltiud.

143 4341 263 4411 ringabe.
752 4338 920 4398 liezeicbnet.
