2752 4776
150 279 211 344 126
599 280 633 343 o.
653 278 765 331 cuum
782 278 873 332 nunu

148 451 310 512 sensimus:
347 448 504 527 pudicitiae
532 465 649 518 earum,
684 467 760 528 quae
788 455 963 527 supersunt,
999 464 1101 508 curam
1129 447 1210 509 haud
1233 464 1315 510 secus

149 552 236 613 quam
265 550 374 613 parens
401 550 492 612 agens
524 534 643 612 reginas
671 530 815 611 appellas,
850 534 980 611 speciem
1007 532 1152 611 pristinae
1179 531 1316 595 fortunas

114 620 279 681 erednere
301 619 422 696 pateris.
465 617 583 678 Vultum
606 623 689 678 tuum
710 616 809 686 video,
845 616 939 697 qualis
961 615 1049 677 Darei
1072 617 1140 686 luit,
1176 634 1246 679 cum
1274 615 1316 677 dl·

148 704 335 765 mitteremur
357 702 394 763 ah
417 719 467 763 eo:
501 708 532 762 et
552 699 601 761 illo
622 709 720 761 tamen
744 718 884 772 uxorem,
913 710 946 763 tu
973 700 1089 761 hostem
1115 697 1211 780 luges.
1255 699 1313 763 lem

148 790 178 848 iu
207 790 272 848 acie
301 795 409 857 stares,
442 787 498 846 nisi
527 802 598 846 cura
625 792 655 845 te
682 784 852 863 sepulturae
885 787 950 846 eius
982 792 1159 846 moraretur.
1204 784 1314 865 Ecquid

148 872 256 932 mirum
279 878 338 941 est,
372 873 399 932 si
419 878 479 931 tam
507 868 543 931 ab
567 869 662 929 amico
685 869 782 930 animo
805 887 909 949 pacem
936 868 1026 948 petit?
1070 869 1143 948 quid
1168 886 1246 949 opus
1272 876 1315 931 est

114 968 130 1018 5
148 957 253 1026 ermis,
276 956 354 1016 inter
376 972 450 1035 quos
474 953 539 1014 odia
561 951 676 1014 sublata
697 955 783 1015 sunt?
815 955 908 1014 Antea
929 954 1056 1032 imperio
1078 960 1130 1023 tuo
1151 953 1244 1015 fldem
1265 952 1313 1014 de·

147 1039 275 1101 stinahat
296 1038 400 1118 Halym
423 1055 554 1107 emnem,
579 1039 631 1116 qui
645 1036 765 1117 Lydiam
783 1038 936 1099 terminat:
960 1054 1053 1106 nuno,
1077 1036 1225 1118 quidquid
1239 1039 1313 1098 inter

147 1123 373 1204 Hellespontum
396 1130 426 1183 et
447 1122 619 1201 Euphraten
642 1127 700 1191 est,
729 1123 760 1181 in
789 1121 887 1183 dotem
911 1123 988 1183 {iliae
1010 1121 1110 1193 ollert,
1146 1138 1236 1199 quom
1262 1119 1313 1181 tihi
1344 1110 1349 1139 ¹

113 1209 245 1270 euadit.
291 1207 406 1270 Ochum
429 1204 536 1275 filium,
560 1224 648 1285 quem
670 1204 777 1276 hahes,
807 1208 887 1285 pacis
910 1217 940 1268 et
961 1205 1030 1266 fidei
1052 1205 1187 1266 obsidem
1210 1206 1310 1275 retine,

147 1299 273 1352 matrem
296 1297 326 1352 et
347 1290 419 1351 duas
447 1290 574 1368 virgines
601 1290 677 1350 filias
706 1289 812 1352 redde:
847 1307 902 1368 pro
930 1288 1025 1350 trihus
1053 1290 1233 1370 corporihus
1256 1306 1312 1349 xxx

114 1377 228 1437 nmilia
251 1373 394 1434 talentum
422 1374 486 1434 auri
513 1384 655 1453 precatur
685 1375 820 1454 accipias.
864 1375 928 1435 Nisi
960 1374 1197 1435 moderationem
1225 1373 1311 1435 animi
1333 1370 1349 1461 'p

146 1461 190 1519 tui
212 1466 312 1519 notam
335 1457 491 1527 haberem,
515 1476 575 1518 non
598 1458 728 1520 dicerem
750 1459 808 1519 hoc
823 1476 888 1520 esse
903 1466 1037 1538 tempus,
1060 1476 1119 1537 quo
1133 1476 1240 1537 pacem
1254 1472 1311 1519 non
1337 1468 1349 1546 p

112 1558 129 1605 8
147 1543 219 1604 dare
240 1541 352 1613 solum,
376 1543 428 1603 sed
451 1543 538 1604 etiam
561 1560 709 1621 occupare
731 1542 865 1604 deheres.
909 1542 1049 1622 Respice,
1084 1550 1228 1622 quantum
1249 1546 1311 1621 post
1332 1544 1349 1627 ji

146 1635 177 1688 te
199 1625 369 1704 reliqueris:
393 1629 524 1697 intuere,
549 1635 689 1706 quantum
711 1633 804 1706 petes.
848 1625 1052 1688 Periculosum
1081 1635 1127 1688 est
1151 1640 1310 1707 praegrave
1341 1638 1349 1671 ἰ

145 1711 320 1790 imperium:
355 1711 474 1772 difficile
496 1718 540 1772 est
563 1712 642 1772 euim
671 1713 840 1782 continere,
875 1710 954 1790 quod
984 1727 1091 1790 capere
1118 1728 1181 1773 non
1209 1710 1307 1789 possis.
1345 1682 1349 1743 Ι

145 1795 286 1866 Videsne,
315 1802 348 1856 ut
369 1795 501 1872 navigia,
518 1800 608 1874 ‘quae
629 1796 751 1857 modum
774 1795 934 1865 excedunt,
965 1795 1030 1873 regi
1051 1795 1223 1874 nequeant?
1255 1791 1309 1857 Ne·

146 1879 222 1948 scio,
247 1897 284 1939 en
306 1879 420 1941 Dareus
441 1878 508 1940 ideo
531 1889 592 1942 tam
614 1879 705 1940 multa
721 1881 867 1950 omiserit,
890 1881 959 1957 quia
979 1879 1087 1939 nimiae
1102 1896 1176 1957 opes
1191 1894 1309 1957 magnac
1335 1898 1339 1905 ·

112 1964 277 2026 cincturae
300 1962 398 2027 locum
420 1964 540 2026 iaciunt.
586 1962 712 2025 Facilius
735 1971 780 2025 est
801 1963 920 2042 quidem
948 1964 1080 2032 vincere,
1115 1980 1204 2041 quam
1237 1960 1311 2023 tuori-
1338 1982 1341 1987 ·

143 2050 312 2124 praedam:
335 2067 437 2128 quom,
459 2047 594 2119 hercule,
619 2048 784 2127 expeditius
806 2065 912 2109 manus
934 2058 1053 2108 nostrae
1067 2047 1203 2126 rapiunt,
1227 2062 1309 2123 quam
1338 2056 1342 2063 '

146 2134 308 2194 continent.
352 2134 419 2213 lpsa
441 2150 523 2194 mors
543 2135 645 2193 uxoris
673 2133 762 2194 Darei
783 2131 945 2192 admonere
966 2139 995 2192 te
1017 2137 1116 2210 potest
1138 2130 1308 2192 minuciam

95 2229 127 2277 10
145 2216 366 2277 misericordiae
388 2224 455 2277 tuae
477 2215 582 2285 licere,
606 2234 694 2295 quam
716 2215 821 2277 licuit'
864 2214 1031 2276 Alexander
1046 2213 1152 2293 legatis
1167 2212 1306 2277 excedere

145 2296 337 2360 tabernaculo
359 2301 460 2368 iussis,
485 2299 556 2377 quid
578 2297 723 2378 placeret,
752 2299 788 2359 ad
811 2297 965 2360 consilium
989 2299 1090 2360 refert.
1135 2299 1193 2361 Diu
1213 2314 1306 2366 nemo,

97 2381 216 2458 mquid
239 2382 377 2451 sentiret,
411 2398 499 2442 ausus
526 2389 571 2442 est
599 2383 698 2443 dicere
724 2383 838 2443 incerta
867 2385 946 2459 regis
974 2382 1135 2444 voluntate.
1180 2382 1306 2445 Tandem

144 2464 301 2525 Parmenio
324 2472 410 2525 antea
432 2465 557 2526 suasisse
581 2465 635 2535 ait,
660 2472 692 2525 ut
714 2467 844 2544 captivos
866 2467 942 2544 apud
966 2466 1141 2527 Damascum
1164 2466 1306 2528 redimen-

144 2548 225 2610 tibus
253 2548 407 2610 redderet:
446 2550 596 2626 ingentem
632 2550 789 2629 pecuniam
818 2551 948 2629 potuisse
982 2550 1078 2627 redigi
1105 2568 1142 2610 ex
1170 2550 1231 2620 his,
1264 2546 1306 2628 qul

96 2647 127 2694 12
146 2633 230 2695 multi
253 2635 341 2694 vincti
363 2634 494 2694 virorum
517 2635 639 2695 fortium
662 2642 843 2713 occuparent
866 2651 980 2694 manus.
1025 2633 1062 2693 Et
1088 2651 1171 2696 nunc
1190 2650 1305 2711 magno·
1345 2686 1349 2727 ¹

144 2735 216 2796 pere
239 2736 376 2788 censere,
399 2725 432 2779 ut
453 2736 542 2781 unam
565 2736 653 2779 anum
677 2726 706 2779 et
728 2719 800 2779 duas
827 2716 955 2796 puellas,
984 2717 1125 2778 itinerum
1148 2719 1308 2795 agminum·
1338 2694 1349 2813 ἔ]

144 2947 198 2986 von
210 2931 275 2986 ihm.
287 2959 320 2968 —
333 2948 495 2989 curam...
505 2949 603 3000 opens,
613 2942 701 3002 poot.;
754 2933 871 2989 execti.
881 2932 1011 2987 modum
1023 2933 1070 2988 hat
1082 2933 1152 2989 auch
1162 2932 1233 2997 Liv.;
1244 2932 1307 2989 dher
1340 2984 1349 2999 ¹,

140 3012 276 3116 parens
301 2999 356 3053 ‘ein
371 2998 516 3055 leihlicher
534 3001 635 3064 Vater³‚
652 3002 702 3056 mit
754 3000 869 3056 dludic.
880 2998 1078 3065 s.llinl.8.32c
1099 2999 1160 3056 loc.
1172 3001 1309 3068 faciunt

165 3078 235 3129 ezug
247 3062 565 3132 auidiepilioeoirpincs.
577 3095 610 3105 -
623 3083 700 3134 spc-
753 3085 774 3123 s.
788 3072 812 3122 8.
825 3072 848 3123 1.
860 3071 885 3123 4.

144 3132 701 3209 cicmjzapparatumfflt.thimoni-
786 3138 809 3188 9.
822 3140 874 3190 est
887 3134 1033 3200 quidem,
1047 3132 1177 3202 Stellung
1188 3135 1245 3191 wie
1254 3140 1278 3191 9.
1285 3137 1307 3187 3.

141 3197 285 3261 ficcntzam
298 3197 404 3260 (ehend.
419 3197 445 3264 3.
458 3200 510 3263 23).
751 3205 797 3263 20;
817 3203 911 3256 tueri
930 3201 1098 3267 praedam
1115 3223 1148 3244 =
1166 3200 1211 3258 die
1229 3201 1309 3256 Beutc
1336 3228 1339 3233 ·

176 3282 202 3335 4,
215 3281 342 3344 animo,
356 3281 522 3336 vertraulich
539 3305 573 3325 =
587 3282 699 3340 pompm
752 3267 989 3388 zuvertheidipen,
1003 3267 1307 3324 dietvahrlichleiohter

144 3346 198 3402 wie
211 3345 280 3401 auch
290 3344 333 3401 bei
344 3345 561 3411 denKomihern;
576 3348 700 3406 ilblicher
752 3350 786 3389 ΖΠ
798 3332 902 3414 falbssss
914 3350 929 3388 ὃ
942 3352 954 3388 ⁸
967 3334 1257 3390 zusammessllfllilless
1267 3334 1308 3389 ill*

143 3415 171 3467 in
182 3413 284 3469 diesem
294 3411 361 3467 Sino
373 3413 410 3468 ist
420 3416 699 3480 animo-armis,
751 3416 909 3457 ’‘mmllss
976 3400 1098 3463 Ῑῑθθνθ,
1115 3402 1171 3458 Wle
1183 3407 1208 3457 6·
1227 3406 1267 3458 1⁰·
1279 3403 1324 3454 14-

143 3481 316 3546 ergenzeiis.
751 3466 847 3522 =der
860 3467 1058 3524 Gnadesiud
1071 3468 1310 3536 engereGreu·

141 3562 462 3695 ..inrecupe-
479 3567 504 3619 ⁶·
521 3567 700 3622 rouo-
751 3532 1311 3679 11111111111111111111

142 3694 176 3750 (lo
189 3701 298 3750 conatu,
749 3667 1016 3724 Bcutehezelchnet.

175 3781 191 3831 6
781 3737 956 3813 ΙΠυθῶνί,
968 3735 1309 3803 ‘rteutetdterraget

194 3821 199 3833 ·
212 3793 308 3845 cerem
318 3778 440 3842 hahes,
453 3779 506 3847 vil·
517 3780 565 3836 (1³⁸
575 3781 697 3850 hdufissffl
750 3816 805 3857 wre
817 3800 882 3856 Sall.
896 3801 951 3858 Cat.
963 3805 1005 3859 50.
1017 3807 1034 3856 3
1046 3818 1073 3858 u.
1085 3803 1114 3858 in
1126 3802 1176 3858 der
1189 3802 1310 3860 hehann·

141 3846 216 3913 quod
225 3846 325 3914 facitis
338 3845 403 3901 ‘wie
415 3846 460 3927 ihr
473 3863 501 3903 es
514 3849 584 3903 auch
596 3848 698 3906 hereits
750 3875 796 3923 22„
806 3867 984 3935 perpendung
993 3869 1111 3936 referre
1121 3870 1160 3925 aa
1167 3876 1310 3927 marm,

141 3914 225 3969 thut’·
241 3941 275 3996 .·.·
295 3914 503 3993 corporatus
520 3938 554 3958 =
577 3914 697 3994 Perso-
784 3937 823 3991 11.
841 3940 958 4000 antea,
982 3935 1099 4004 parallel
1115 3937 1167 3992 mn
1183 3943 1214 3993 et
1232 3951 1311 3993 nme

141 3997 216 4041 non,
229 3980 349 4049 hople,
363 3984 454 4061 111115.Ι
468 3985 544 4038 tan
572 3983 697 4062 Drepelhe
748 3999 786 4069 (g,
810 4001 852 4068 12)
870 4002 1003 4058 =sch0n
1024 4000 1123 4059 trahes
1205 4003 1310 4061 enemo

141 4046 251 4102 Summe
268 4047 315 4104 hat
332 4048 401 4104 auch
418 4048 494 4106 lhod.
513 4050 695 4119 (vocenroth),
745 4069 824 4135 jetzt.
860 4068 920 4124 Von
941 4069 1044 4125 diesem
1068 4069 1202 4126 truheren
1225 4070 1310 4127 nath·

141 4112 264 4179 dagegon
291 4116 352 4173 Arr-
376 4114 498 4172 11·P11¹¹·
527 4116 615 4173 haben
643 4134 697 4173 nur
747 4133 842 4200 schlag
853 4134 993 4202 sprichttl.
1005 4153 1060 4192 nur
1071 4137 1140 4199 hier,
1153 4136 1311 4194 nichtohen

141 4182 233 4239 10‚000
246 4178 365 4236 Talento.
748 4204 771 4254 1.
783 4204 809 4261 4,
822 4217 867 4256 wo
882 4217 910 4256 es
924 4201 1072 4260 emPlatze
1083 4220 1152 4260 war.
1170 4232 1202 4242 -
1215 4203 1312 4272 apud

174 4266 198 4317 8.
217 4277 360 4343 cepere,
378 4262 480 4333 geistig
496 4282 522 4323 u.
539 4265 695 4329 moralisch
747 4264 912 4333 Damaso..
925 4269 979 4337 vgt.
991 4269 1047 4325 hir.
1067 4273 1110 4328 21.
1122 4275 1154 4324 51
1172 4273 1282 4339 captiui
1292 4288 1312 4328 c

140 4330 697 4391 contenerematerlell:‘heherrschen’.
747 4334 872 4391 consule.

446 3634 499 3692 20,
510 3630 603 3689 boides
610 3649 698 3700 praes.
