2752 4776
88 186 151 251 216
540 202 573 262 Q.
597 201 699 249 ccam
723 201 804 249 uam

87 374 217 419 suorum
237 372 345 435 prcccs
372 353 542 417 iracundia
569 355 655 434 repis
677 353 815 417 durarit.
859 351 966 416 Tertio
987 353 1040 416 die
1069 353 1169 416 nictirs
1187 373 1251 416 corr·

88 439 209 503 stantia
234 437 410 519 simplicum
431 439 584 518 processit
609 438 816 517 incusataque
843 436 953 500 leniter
980 438 1134 500 eaacdas
1160 437 1251 500 inmo-

89 523 188 586 destia
218 541 283 584 nan
312 523 380 584 sine
411 521 520 585 irridtis
545 522 703 601 utrimque
730 520 870 584 lacrimis
897 521 935 583 in
960 522 1107 602 pratiam
1131 539 1164 584 se
1189 541 1248 584 cum

89 607 167 687 ipsis
202 606 306 668 redire
334 604 496 685 professus
528 609 580 668 cst.
624 603 738 686 Dipna
768 609 873 668 tamen
906 623 955 667 res
986 607 1059 668 aisa
1091 609 1148 681 cst,
1181 625 1249 685 qaue

90 689 264 753 maioribus
291 688 401 752 bestiis
426 690 616 769 expiaretur.
666 687 781 769 Itaque
807 689 964 769 sacrificia
990 689 1160 770 irmpnifiee
1189 709 1247 769 pcr-

84 777 209 855 petrato
236 771 450 836 Macedonum
475 773 572 837 simul
603 771 836 853 Persarumque
857 774 1017 853 primores
1044 773 1193 836 incitavit
1214 773 1248 836 ad

89 857 206 938 epulas.
251 854 371 920 Nouem
392 856 484 919 milia
498 876 531 920 ea
546 857 685 920 carcinio
699 857 850 937 accepisse
857 857 1023 936 proditam
1037 861 1084 920 est
1097 858 1247 920 memoriae

89 960 198 1021 eosque
218 959 323 1004 carnes
344 941 497 1004 incitante
519 960 588 1022 repe
608 960 646 1003 en
667 941 775 1005 eadem
795 945 920 1004 cratera
942 941 1104 1017 libauisse,
1130 938 1246 1004 oram

90 1025 296 1105 barbarisque
316 1025 441 1088 ratibus
462 1028 529 1088 tum
550 1025 618 1088 alia
637 1024 748 1104 fausta
766 1029 840 1089 rata
853 1025 1101 1105 praeeunt-ibus,
1124 1029 1189 1087 tam
1206 1025 1245 1087 in

84 1110 203 1190 primis
228 1113 265 1172 at
294 1109 399 1172 utrius
422 1128 458 1171 ue
488 1109 616 1189 imperii
646 1110 683 1172 in
722 1109 806 1172 duur
844 1127 956 1188 corpus
989 1108 1107 1172 coalita
1135 1109 1245 1172 societis

85 1197 240 1275 perpetua
263 1192 352 1271 foret.
396 1128 570 1255 Maturata
597 1193 707 1256 deiude
738 1197 784 1257 est
809 1193 930 1269 missio,
963 1196 993 1256 et
1023 1192 1245 1273 infirmissimis

91 1279 220 1358 quisque
252 1277 455 1339 exauctorati.
502 1275 690 1341 Amicorum
726 1296 846 1357 quoque
880 1277 1041 1340 seniorum
1074 1275 1246 1356 qmbusdam

91 1363 295 1424 commeatum
321 1360 413 1423 dedit.
458 1358 513 1423 En
540 1362 611 1440 quis
634 1359 735 1425 Clitus
764 1363 960 1442 capncmento
981 1359 1087 1423 Albus
1112 1357 1245 1440 Gapa-

91 1465 149 1525 que
176 1447 204 1506 et
232 1440 427 1523 Polydamas
451 1448 483 1507 et
507 1444 680 1524 Antipeues
705 1445 804 1524 freae.
853 1442 1052 1508 Abeuntibus
1078 1463 1145 1507 non
1171 1443 1245 1506 modo

85 1527 253 1609 praeteriti
280 1529 427 1607 temporis
452 1529 611 1609 stipendia
638 1548 710 1592 ema
739 1529 802 1610 fide
828 1528 993 1611 persolvit,
1028 1528 1246 1591 verumetiam

92 1611 243 1674 talentum
271 1611 385 1674 adiecit
412 1612 449 1676 in
474 1613 614 1694 stapulas
642 1613 756 1676 milites
781 1613 890 1676 viatici
915 1612 1052 1674 naariae.
1101 1609 1201 1674 Filios
1218 1629 1248 1673 en

92 1695 245 1758 Asiaticis
265 1695 417 1759 erroribus
438 1701 591 1777 susceptos
611 1732 656 1742 -
676 1697 720 1760 ad
741 1696 841 1760 decem
858 1695 951 1759 arilia
969 1695 1070 1774 fuisse
1091 1696 1248 1758 traduntur

92 1815 134 1826 —
156 1778 244 1860 apud
263 1798 295 1842 se
315 1779 454 1859 relinqui
473 1781 580 1857 iussit,
608 1800 648 1844 ae
673 1782 710 1844 in
731 1779 957 1844 Macedoniam
981 1799 1053 1843 caeru
1075 1779 1252 1861 parentibus

92 1863 280 1944 transprcssi
306 1868 336 1927 et
362 1864 545 1945 coniupibas
572 1864 736 1945 liberisque
758 1863 924 1945 prioribus
943 1864 1100 1944 permixti
1119 1862 1250 1942 familias

91 1947 289 2029 sinpaloram
309 1948 555 2012 contentionibus
576 1953 605 2012 et
624 1949 789 2012 discordiis
809 1948 981 2029 inplerent:
1001 1947 1065 2011 sibi
1082 1967 1176 2011 curae
1194 1947 1251 2026 fore

87 2032 263 2112 pellicitus,
285 2036 321 2096 ut
335 2033 445 2113 patric
460 2052 545 2096 incre
566 2033 702 2097 lactan·
716 2033 849 2096 militiae
863 2036 947 2096 artes
961 2031 1169 2095 edoceremur-r.
1204 2028 1251 2093 Ila

92 2134 192 2196 supra
223 2116 325 2179 decem
354 2121 574 2180 ueteranorum
599 2117 692 2180 milia
723 2117 856 2180 diurissa
881 2119 970 2192 sant,
1001 2115 1188 2197 additusque
1216 2117 1253 2177 est

95 2197 260 2275 mareas,
283 2200 339 2279 qui
360 2219 410 2264 eas
431 2201 605 2279 deduceret,
628 2219 667 2264 ca
681 2201 865 2281 praeeipm's
885 2201 968 2281 repis
989 2200 1111 2263 amieis.
1152 2197 1212 2264 Oai
1228 2198 1253 2260 si

94 2283 173 2363 qaid
192 2282 377 2346 humanitus
398 2285 573 2360 accidisset,
598 2283 817 2365 Polyperconti
832 2303 949 2364 parcre
970 2284 1051 2346 iussi
1072 2287 1157 2346 scint.
1193 2281 1253 2345 Lib

94 2367 169 2429 teris
201 2366 296 2429 etiam
328 2367 373 2429 ad
403 2366 613 2449 Antipatrum
651 2369 776 2449 seriptis
808 2367 955 2430 bonorem
986 2368 1124 2430 enremtis
1155 2366 1254 2430 baberi

89 2451 265 2531 praecepit,
287 2454 323 2513 ut
344 2452 483 2530 quotiens
505 2452 573 2515 ludi
594 2455 686 2532 atque
701 2452 874 2514 certaniino
891 2451 1069 2527 ederentur,
1092 2453 1130 2513 in
1146 2451 1255 2532 primis

95 2534 260 2598 ordinibus
289 2537 430 2598 coronati
455 2540 628 2616 spectarent
664 2539 757 2615 iilqm
788 2535 856 2613 fata
887 2535 1068 2613 furiatorum
1097 2535 1188 2598 liberi
1212 2535 1254 2597 iu-

90 2619 223 2699 pnberes
244 2619 280 2681 in
295 2622 434 2700 pateram
454 2620 612 2700 stipendia
626 2620 826 2683 succederent.
874 2617 1040 2682 Craterum
1054 2617 1257 2682 Macedoniae

95 2702 381 2783 cartineatibusque
408 2704 587 2784 repionibus
612 2723 682 2766 crim
703 2704 834 2784 irnperio
855 2721 1001 2783 praeesse
1024 2702 1166 2782 placuit,
1195 2701 1256 2764 Aa·

92 2787 248 2867 tipatrum
270 2807 340 2850 cunc
361 2788 570 2869 supplementa
591 2788 755 2850 iuniorum
774 2785 987 2849 Macedonum
1009 2787 1053 2849 ad
1072 2806 1178 2867 nepem
1194 2806 1258 2867 per-

93 2890 173 2951 perp.
225 2870 397 2934 Verebatur
419 2873 516 2947 enini,
543 2891 582 2934 uc
597 2891 658 2952 per
679 2871 870 2934 discordiam
891 2869 1040 2950 praefecti
1067 2890 1140 2933 cum
1164 2869 1258 2952 Olpai-

93 2954 189 3033 piade
207 2956 317 3035 procis
339 2955 449 3036 aliqua
471 2956 573 3019 clades
588 2956 785 3035 acciperetur.
830 2952 919 3017 Nam
934 2955 1051 3017 multas
1068 2955 1114 3017 ad
1127 2953 1259 3018 Alexan

96 3037 190 3099 drum
222 3038 367 3117 epistolas
398 3044 512 3117 mater,
544 3039 660 3102 multas
689 3037 859 3119 Antipater
890 3038 1038 3118 miserat,
1070 3039 1260 3118 vicissimque

96 3122 178 3182 inter
199 3139 231 3183 se
252 3122 521 3201 criminabantur,
546 3143 626 3203 quae
640 3122 684 3185 ad
705 3123 833 3185 dedecus
847 3126 904 3185 aut
922 3121 1143 3185 detrimentum
1164 3123 1262 3202 repiae

96 3204 269 3267 maiestatis
285 3206 486 3283 pertinerent.
532 3205 705 3286 Postquam
725 3207 808 3268 enim
822 3224 931 3268 rumor
946 3206 1039 3268 occisi
1053 3209 1138 3286 repis
1160 3210 1262 3269 temere

95 3288 242 3369 culpatus
268 3288 304 3350 in
326 3287 550 3353 Macedoniam
571 3291 751 3370 penetrari,
780 3293 880 3352 mater
912 3290 979 3352 eius
1004 3308 1156 3373 sororque
1184 3289 1261 3354 Olea

91 3372 224 3519 q(r)c{tra¹)¹
247 3371 456 3517 tezel-tactae.
477 3373 619 3520 faceram?
643 3377 672 3437 et
691 3373 767 3436 baec
789 3373 913 3452 periclem
929 3376 1106 3453 paternum
1127 3392 1263 3455 repnum,

157 3477 188 3519 m
224 3475 261 3520 as
337 3476 422 3519 crum
442 3476 614 3521 invasera.
861 3478 868 3490 ·
1245 3491 1248 3496 ·

136 3476 157 3538 y
182 3476 401 3616 Mancupia,
425 3545 461 3604 ut
481 3540 633 3604 inminuti
654 3541 805 3602 exercitus
826 3539 1013 3602 detrimenta
1034 3542 1171 3604 sarciret
1191 3541 1264 3622 cpti-

98 3643 184 3686 anam
207 3644 356 3704 quemque
378 3623 553 3688 Persarum
574 3627 610 3688 in
631 3623 852 3687 Macedonicos
873 3623 999 3686 ordines
1021 3624 1157 3705 adlepit:
1185 3624 1263 3687 anille

98 3708 192 3770 etiam
207 3709 498 3789 praestantissimas
523 3709 697 3789 seprepaait
717 3708 761 3770 ad
781 3708 919 3786 corporis
947 3707 1141 3770 aastcdiam:
1170 3709 1263 3781 aliam

97 3790 294 3855 bastulorum
308 3811 454 3872 acanum,
477 3792 565 3856 baud
579 3792 747 3872 pauciores
762 3791 862 3854 decem
880 3790 1022 3867 milibus,
1047 3792 1136 3855 circa
1149 3794 1263 3873 rapiam

98 3874 334 3939 tabernaculam
369 3876 516 3940 excubias
551 3895 642 3956 apere
679 3876 778 3938 iussit.
836 3872 927 3937 Haec
963 3877 1072 3954 apcnti
1113 3874 1264 3940 Peucestes

171 4024 195 4089 1)
220 4024 413 4093 Cleopatra.
438 4025 482 4080 die
505 4025 633 4080 leibliche
656 4025 814 4093 Schwcstcr
836 4024 1016 4088 Alexanders,
1043 4043 1105 4081 war
1129 4024 1264 4083 Gemahlin

100 4089 148 4146 des
166 4090 268 4158 uanigs
287 4093 439 4148 Alexander
457 4110 511 4149 von
529 4093 627 4161 Epirus
648 4094 675 4158 (†
693 4095 762 4154 332).
798 4090 844 4146 Sic
861 4091 918 4146 und
936 4093 997 4146 ihre
1012 4092 1118 4147 Mamer
1131 4093 1210 4160 Olym
1230 4093 1265 4146 ias

100 4155 252 4222 hegehrten
270 4158 318 4213 aui
334 4160 378 4215 die
395 4160 491 4215 Kande
509 4177 563 4215 von
581 4160 643 4215 clem
662 4158 782 4238 ableben
800 4158 967 4238 Alexanderq
986 4159 1035 4213 hin
1054 4161 1098 4215 (lie
1111 4111 1265 4226 Nachsabge,

100 4221 251 4289 dergestan
269 4226 331 4282 dass
350 4226 393 4282 die
411 4237 517 4282 erstore
536 4227 723 4289 blaeedonien,
743 4227 787 4282 die
804 4226 905 4280 andere
918 4225 1020 4293 Eplrus
1040 4228 1169 4284 erhallcn
1181 4226 1265 4283 sollte.

44 4294 107 4456 k
