2752 4776
328 242 585 296 HISTORIABUM
602 243 815 297 ALEXANDRI
827 244 860 309 V,
872 247 964 299 10.11.
1169 244 1232 311 175

52 412 158 481 nituit,
182 429 253 473 cum
268 413 454 473 intuerentur
470 410 587 491 qualem
603 420 631 473 et
645 430 747 491 regem
765 422 794 474 et
809 414 904 475 virum
927 412 1072 476 fallerent.
1096 414 1148 477 llle
1164 416 1227 495 qui·

51 496 138 567 dem,
161 512 289 558 securus
309 495 450 576 periculi,
474 495 554 576 quod
575 495 717 568 instabat,
740 497 899 560 Alexandri
922 516 1042 572 manus,
1065 516 1138 580 quas
1153 498 1231 561 solas

52 578 195 652 timebat,
219 580 351 659 effugere
373 580 563 662 properabat.

568 732 646 794 Cre.
668 732 717 794 xl.

10 829 52 896 30
143 830 256 895 Patron
278 840 389 903 autem,
413 833 596 895 Graecorum
619 833 692 903 dur,
716 834 861 912 praecipit
881 836 956 905 suis,
980 841 1012 895 ut
1033 852 1129 906 arma,
1153 836 1263 915 quael

58 918 90 979 m
111 918 240 979 sarcinis
262 923 349 978 antea
371 916 559 990 lereBnntur,
591 918 764 989 induerent,
793 919 829 980 ad
852 936 940 979 omne
962 919 1119 998 imperium
1142 937 1230 982 suurn

56 1002 155 1083 parati
170 1010 202 1063 et
222 1001 335 1064 intenti.
371 1000 439 1080 lpse
453 1019 577 1063 currum
598 1002 678 1079 regis
699 1001 879 1082 sequebatur
900 1004 1049 1064 occasioni
1070 1005 1231 1065 imminens
1248 1006 1268 1055 ’Ζ

57 1084 241 1165 adloquendi
265 1102 348 1154 eum,
371 1087 481 1165 quippe
496 1085 580 1148 Bessi
595 1086 711 1147 lacinus
733 1095 950 1167 praesenserat.
995 1087 1052 1148 Sed
1069 1088 1178 1149 Bessus
1199 1089 1230 1148 id

55 1172 156 1251 ipsum
178 1176 332 1239 metuens,
356 1177 456 1231 custos
477 1171 576 1232 verius
599 1187 686 1250 quam
703 1188 816 1241 comes,
840 1190 856 1232 a
879 1188 969 1233 curru
985 1189 1043 1232 non
1062 1170 1230 1234 recedebat.

56 1253 113 1317 lliu
141 1270 217 1333 ergo
245 1254 355 1315 Patron
384 1261 539 1316 cunctatus
566 1272 601 1316 ac
628 1256 747 1332 saepius
781 1272 919 1318 sermone
946 1264 1117 1327 revocatus,
1151 1256 1265 1317 intera

55 1338 146 1401 fldem
175 1340 373 1418 timoremque
396 1338 560 1409 haesitans,
596 1356 696 1417 regem
730 1337 911 1402 intuebatur.
964 1342 1022 1412 Qui
1049 1349 1082 1402 ut
1109 1339 1266 1402 tandeme

57 1422 183 1485 advertit
206 1421 324 1491 oculos.
348 1421 489 1484 Bubacen
511 1422 674 1503 spadonem
696 1425 776 1487 inter
797 1426 948 1504 proximos
965 1443 1086 1487 currum
1102 1441 1230 1503 sequen-

56 1516 117 1569 tem
138 1508 313 1587 percontari
334 1505 432 1575 iubet,
456 1507 602 1589 numquid
624 1507 679 1586 ipsi
702 1506 771 1569 velit
793 1509 902 1571 dicere.
945 1510 1070 1579 Patron,
1094 1527 1127 1571 se
1148 1525 1229 1578 vero,

58 1590 110 1653 sed
133 1591 261 1653 remotis
282 1588 403 1653 arbitris
425 1591 505 1672 loqui
521 1592 594 1654 velle
610 1608 676 1655 cum
692 1609 743 1663 eo,
760 1594 916 1672 respondit
936 1594 1093 1672 iussusque
1108 1593 1230 1673 propius

57 1675 203 1739 accedere
218 1676 283 1738 siue
304 1677 469 1756 interprete
484 1710 525 1722 -
540 1693 608 1739 uam
630 1676 709 1737 baud
724 1677 809 1738 rudis
824 1678 954 1740 Graecae
977 1676 1094 1757 linguae
1116 1675 1229 1739 Dareus

10 1756 14 1847 ζ
57 1768 135 1832 erat,
159 1794 203 1803 -
226 1759 324 1830 ‘Rex’,
345 1760 457 1840 inquit,
480 1779 517 1821 ex
539 1775 562 1822 L
584 1760 704 1823 milibus
719 1762 900 1824 Graecorum
916 1780 1110 1841 supersumus
1131 1762 1227 1841 pauci,
1248 1774 1264 1822 5

10 1864 16 1913 t
56 1862 165 1907 omnes
186 1844 323 1905 fortunae
338 1850 406 1906 tuae
422 1848 546 1907 comites
569 1854 598 1906 et
611 1847 643 1907 in
665 1844 723 1906 boc
746 1853 795 1906 tuo
817 1853 895 1909 statu
916 1846 1010 1917 idem,
1034 1847 1084 1925 qui
1105 1844 1230 1907 llorente

10 1930 15 1991 l
55 1936 85 1991 te
113 1928 240 1999 luimus,
270 1946 471 2010 quascumque
499 1939 596 1991 terras
624 1927 765 2007 elegeris,
799 1948 854 2009 pro
882 1930 976 2010 patria
1004 1939 1034 1991 et
1061 1929 1231 1990 domesticis

10 1995 14 2031 ¹
57 2011 149 2077 rebus
176 2014 309 2094 petituri.
364 2012 518 2075 Secundae
553 2013 753 2093 adversaeque
785 2031 834 2075 res
867 2020 935 2075 tuae
968 2012 1145 2094 copulavere
1175 2026 1264 2074 nese

10 2096 14 2135 ῑ
57 2106 167 2161 tecum.
212 2094 270 2158 Per
291 2096 368 2158 hanc
396 2097 484 2159 iidem
506 2099 646 2159 invictam
668 2115 721 2159 oro
751 2104 780 2159 et
807 2097 956 2168 obtestor,
985 2099 1015 2159 in
1043 2097 1153 2158 nostris
1181 2114 1230 2157 ca·

59 2183 128 2244 stris
141 2181 198 2243 tibi
212 2180 438 2243 tubernaculum
454 2189 565 2253 statue,
588 2200 643 2243 nos
658 2183 793 2261 corporis
806 2183 850 2244 tui
865 2182 1003 2245 custodes
1019 2199 1083 2242 esse
1098 2182 1228 2261 patiaris.

61 2264 222 2329 Omisimus
249 2265 418 2337 Graeciam,
447 2266 528 2328 nulla
557 2266 663 2328 Bactra
686 2274 755 2328 sunt
788 2267 889 2329 uobis:
919 2284 988 2348 spes
1017 2265 1231 2343 caenisium,

63 2352 173 2413 utinam
185 2352 274 2412 etiam
288 2352 395 2412 ceteris
407 2358 493 2412 esset.
524 2350 613 2413 Plura
625 2350 683 2413 dici
698 2369 757 2414 non
769 2354 881 2414 attinet.
912 2351 1081 2413 Custodiam
1095 2351 1230 2431 corporis

60 2434 104 2495 tui
118 2443 260 2497 externus
275 2442 305 2495 et
318 2431 483 2514 alienigena
506 2454 565 2497 non
581 2436 789 2515 deposcerem,
812 2438 838 2497 si
859 2435 1014 2498 crederem
1030 2434 1120 2497 alium
1142 2452 1230 2513 posse

10 2515 50 2582 31
59 2523 237 2600 praestare?
274 2518 384 2581 Bessus
407 2537 586 2601 quamquam
602 2527 666 2581 erat
680 2520 787 2582 Graeci
802 2521 948 2583 sermonis
970 2522 1107 2599 ignarus,
1130 2523 1267 2579 tament

93 2705 136 2761 td.
149 2716 300 2759 securus
319 2718 342 2760 c.
374 2703 622 2766 emmechonis,
674 2703 894 2766 intuebatur,
906 2699 1165 2767 lrieltbesttndig
1177 2699 1230 2755 sei-

57 2771 96 2827 ist
109 2777 188 2852 poet²
200 2768 341 2826 uuachcl.
353 2718 399 2826 fiir
411 2785 467 2827 sec.
479 2770 515 2828 de
527 2769 624 2838 atiquo
675 2787 710 2827 ne
723 2768 815 2826 Bliclre
827 2770 876 2825 aul
886 2767 1040 2852 debilium
1052 2768 1196 2835 gerichtet.

56 2836 621 2973 {{·=l}l'¹dllliisli¹llli{³¹³³
675 2834 1231 2985 eistettenllttln,litt

672 2978 771 3039 prete
783 2971 841 3028 bez.
854 2971 913 3027 slclr
926 2970 974 3027 aul
984 2976 1083 3093 enpust.
1103 3039 1109 3051 ι
1175 3039 1181 3050 .

675 3039 942 3175 ..tenelle
960 3038 1015 3163 ir,
1035 3038 1231 3163 etlinun

92 3178 118 3229 1.
133 3172 273 3231 Patron
293 3195 327 3217 ==
345 3166 451 3241 Πάρων
469 3167 484 3227 ὁ
499 3168 623 3238 Φωκεύς,
675 3175 749 3231 lesus
762 3173 838 3231 hatte
850 3174 919 3231 nach
932 3179 956 3230 3.
968 3177 1018 3230 29
1030 3174 1126 3230 Darius
1139 3177 1232 3237 30,000

58 3244 295 3300 Απ.3.16.2.-
310 3256 397 3320 quoe
413 3243 449 3296 in
465 3244 624 3298 sarcinis
676 3240 1230 3311 griccb.Sdldner.-—pouci,4000llann,

55 3310 290 3379 serebantur,
312 3315 392 3364 ‘mit
413 3309 471 3365 der
493 3309 624 3377 Bagage
675 3314 699 3365 8.
712 3315 740 3374 3;
754 3309 1186 3376 omnesbildetdendegensatz
1197 3324 1231 3362 zu

57 3375 497 3446 transportirtwurdcn’,v
517 3375 624 3432 tama
672 3380 769 3445 pauci.
785 3404 819 3415 —
838 3394 901 3445 pro
916 3379 1037 3446 patrio
1053 3381 1231 3451 :austatt

57 3447 186 3525 insero.
201 3442 336 3524 deliquio,
357 3442 415 3498 liv.
438 3447 477 3499 10.
497 3391 539 3499 ἕο.
572 3443 624 3499 Ge·
676 3445 736 3502 der
759 3444 911 3501 Heimath
935 3444 999 3500 und
1023 3444 1079 3499 des
1100 3440 1231 3496 hiuslr-

57 3509 223 3569 merntsmd
244 3510 288 3566 dre
307 3511 483 3566 schweren
504 3509 624 3566 Wallen·
675 3510 918 3569 chenlleerdes
937 3507 1089 3579 (νειμ),
1107 3506 1230 3563 dban·

58 3578 168 3641 stirclre,
190 3577 276 3633 daher
293 3578 370 3633 nicht
388 3576 482 3634 blosse
499 3576 624 3633 Wieder·
676 3587 743 3636 statt
755 3579 824 3635 nach
835 3580 919 3647 jenen
932 3596 965 3634 zu
978 3576 1170 3643 verlangen.

58 3646 172 3714 holuug
184 3644 233 3702 des
246 3649 271 3701 9.
285 3648 318 3698 15
330 3645 417 3702 sehon
434 3644 580 3712 Gesagten.
708 3650 733 3703 6.
753 3648 931 3709 invictum,
952 3660 1020 3714 gana
1041 3644 1096 3699 wie
1111 3646 1136 3699 8.
1154 3647 1178 3696 3.
1197 3670 1231 3680 -

92 3710 624 3780 summittens,‘abpassendnwte
675 3710 1231 3830 Boctqosunt.Sinnzliirunsfiebt

58 3784 179 3838 8.1.10·
676 3798 710 3839 es
728 3782 805 3837 kern
827 3780 1017 3836 ‘Baltrren’
1036 3778 1076 3834 als
1097 3777 1230 3839 Hemath,

92 3852 120 3905 3·
132 3852 341 3910 revocatus·
354 3846 434 3903 Sinn:
447 3847 579 3904 uachdem
593 3863 623 3903 er
675 3848 871 3910 Zullucbtsort,
885 3845 1058 3916 inspiciung
1069 3842 1118 3900 aul
1129 3842 1230 3899 Bessus

59 3913 231 3973 wiederbolt
253 3914 354 3980 (durch
380 3914 477 3982 irgend
497 3914 622 3970 melchon
674 3914 1142 3981 lesmorensi—praestare,
1155 3915 1236 3991 nim3

59 3982 206 4047 Umstaud)
224 3998 278 4038 ron
292 3983 369 4038 einer
389 3981 498 4038 Aurede
514 3997 549 4038 an
568 3980 620 4037 den
672 3983 812 4045 liciacum·
825 3997 853 4037 es
867 3975 1230 4044 entbiltdenllebenbegrrll

59 4048 152 4118 liduig
165 4048 328 4171 ebriebalten
345 4047 461 4105 worden
477 4066 549 4113 war;
566 4064 620 4106 re·
674 4050 721 4106 des
739 4048 902 4126 Einstehens
918 4046 967 4126 iim
983 4047 1027 4103 die
1045 4062 1079 4102 au
1096 4044 1231 4101 leistende

61 4132 131 4183 occ„
150 4117 206 4172 wei
236 4116 380 4174 erbereits
398 4114 446 4172 aul
461 4116 521 4173 dem
533 4116 621 4185 Wege
674 4117 768 4180 sache,
779 4115 823 4171 die
833 4113 1047 4171 wrrklrcheBrl
1052 4113 1232 4180 illungder

61 4184 132 4241 dazu
145 4196 276 4251 gewesen
288 4200 360 4247 war,
373 4184 428 4239 wie
437 4186 570 4240 reuocari
576 4183 621 4249 (o)
674 4182 804 4252 nulgabe.

60 4251 175 4309 scelere
191 4251 260 4307 auch
277 4258 375 4320 gesagt
390 4251 462 4307 wlrd
479 4268 533 4308 von
551 4252 622 4314 dem,
708 4256 732 4308 l.
748 4266 947 4375 quamquam
965 4246 1231 4327 ipnarumflier·

62 4318 113 4375 der
127 4334 159 4374 es
172 4318 243 4374 noch
256 4319 332 4375 nicht
344 4317 509 4386 ausgetnhrt
520 4318 621 4375 hat-
674 4336 723 4376 aus
761 4318 836 4388 olgt,
862 4319 925 4375 dass
948 4318 1062 4381 Bessus,
1089 4314 1155 4372 weil
1183 4315 1232 4371 des
