2752 4776
112 265 157 330 96
193 300 197 305 .
557 262 590 325 a.
610 261 722 314 cunm
738 260 827 313 surr

113 434 233 512 ltaque,
259 434 328 494 ‘Vos
351 432 493 512 quidem’‚
522 432 633 510 inquit,
657 430 775 492 ‘fiducia
796 428 869 500 loci,
893 430 972 507 quod
994 428 1122 493 insulam
1140 430 1276 498 incolitis,

113 518 284 597 pedestrem
305 516 385 580 buno
413 517 577 577 exercitum
601 517 755 594 spernitis:
785 514 838 575 sed
860 512 944 575 brevi
966 515 1121 577 ostendam
1148 516 1181 575 in
1210 532 1277 577 con·

112 602 220 663 tinemi
242 618 292 661 vos
315 618 389 662 esse.
434 594 683 661 Proinde'seiatis
705 599 788 668 licet,
822 607 873 660 aut
899 601 1080 661 intraturum
1102 617 1151 660 me
1174 598 1277 660 urbem

76 694 167 756 aaut
188 687 451 765 oppugnaturum!
496 685 570 747 Cum
592 683 649 743 hoc
671 701 816 762 responso
839 682 952 745 dimissi
974 700 1045 744 suos
1065 701 1191 745 monere
1213 700 1276 745 coc·

114 777 237 849 perunt,
271 778 305 831 ut
325 787 442 848 regem,
477 786 566 849 quem
589 767 687 846 Syria,
721 785 810 846 quem
837 767 985 829 Phoenice
1013 769 1191 847 recepisset,
1224 767 1278 847 ipsi

78 873 98 923 't
116 871 235 932 quoque
255 853 362 915 urbem
384 855 495 915 inuare
516 858 700 931 paterentur.
745 853 782 913 At
803 849 847 912 illi
866 851 932 913 loco
949 853 1019 912 satis
1034 852 1080 913 fisi
1095 851 1276 913 ohsidionem

115 939 196 1000 serre
217 937 419 1001 decreverant.
464 937 599 1013 Namque
621 934 727 996 urbem
750 937 944 997 acontinenti
960 946 1100 1016 quattuor
1115 932 1303 998 stadiorum8

114 1023 225 1084 fretum
248 1022 364 1084 dividit:
388 1023 487 1083 Africo
510 1021 638 1080 maxime
660 1019 810 1082 obiectum
833 1019 958 1082 crebros
980 1019 1097 1081 exalto
1119 1019 1277 1082 fluctnsin
1320 1092 1323 1107 1

80 1127 99 1176 a
117 1105 187 1167 litus
211 1105 326 1167 evolvit.
370 1106 431 1167 Nec
454 1104 628 1183 accipiendo
650 1105 747 1181 operi,
771 1121 831 1182 quo
853 1103 1028 1165 Macedones
1050 1106 1218 1167 continenti
1236 1105 1276 1165 in·

116 1190 212 1251 sulam
233 1192 359 1267 iungere
380 1187 540 1267 parabant,
565 1190 723 1267 quicquam
745 1189 840 1264 magis
867 1207 955 1267 quam
977 1187 1026 1249 ille
1047 1197 1154 1250 ventus
1184 1186 1275 1249 obsta·

116 1274 176 1334 bat.
207 1271 320 1351 Quippe
344 1274 390 1331 vix
412 1271 473 1332 leni
495 1280 524 1332 et
545 1270 705 1351 tranquillo
728 1274 803 1332 mari
825 1271 918 1333 moles
933 1274 980 1351 agi
1001 1280 1141 1351 possunt,
1165 1273 1275 1334 Africus

117 1375 187 1417 vero
210 1357 306 1432 prima
328 1372 465 1435 quaeque
487 1363 626 1433 congesta
647 1353 735 1435 pulsu
757 1354 844 1416 inlisa
866 1358 958 1417 maris
980 1355 1113 1418 subruit:
1143 1374 1201 1419 nec
1222 1354 1276 1417 ulla

117 1448 176 1501 tam
199 1442 283 1501 boma
305 1438 398 1501 moles
421 1448 480 1510 est,
504 1458 593 1519 quam
615 1456 676 1501 non
698 1439 824 1503 exedant
846 1439 945 1501 undae
966 1450 996 1501 et
1016 1458 1071 1518 per
1093 1458 1190 1502 noxus
1210 1456 1275 1521 ope·

116 1542 183 1585 rum
205 1532 361 1585 manantes
384 1531 426 1597 et,
454 1523 507 1585 ubi
529 1526 627 1586 aerior
649 1523 736 1585 ssatus
760 1525 871 1594 existit,
901 1526 1009 1585 summi
1036 1525 1138 1603 operis
1165 1525 1276 1603 fastigio
1318 1508 1323 1583 i

82 1628 99 1677 9
117 1608 301 1688 superfusae,
344 1606 467 1669 Praeter
489 1608 566 1669 hanc
588 1608 791 1669 difficultatem
813 1608 892 1669 haud
914 1611 1012 1670 minor
1034 1608 1091 1669 alia
1114 1617 1194 1671 erat:
1217 1627 1276 1671 mu·
1319 1614 1323 1635 ²

117 1711 166 1754 ros
188 1700 345 1772 turresque
367 1692 451 1753 urbis
472 1692 635 1772 praealtum
664 1710 746 1753 mare
768 1691 931 1754 ambiebat:
966 1710 1027 1753 non
1049 1700 1200 1757 tormenta
1225 1694 1278 1754 nisi

117 1796 133 1838 e
156 1775 280 1836 navibus
300 1775 404 1856 procul
427 1794 549 1839 excussa
571 1778 662 1846 mitti,
686 1794 746 1837 non
769 1776 866 1839 scalae
887 1777 1043 1839 moenibus
1064 1776 1211 1856 adplicari
1228 1796 1277 1856 po·

116 1870 228 1922 terant:
251 1878 395 1940 praeceps
416 1863 447 1923 in
469 1859 561 1922 salum
585 1878 686 1923 murus
708 1860 847 1941 pedestre
871 1863 1072 1941 interceperat
1096 1863 1169 1925 iter:
1193 1878 1280 1931 nares

116 1964 172 2006 uec
194 1943 322 2007 babebat
342 1963 397 2005 rex
419 1953 463 2016 et,
487 1948 512 2006 si
535 1945 726 2015 admovisset,
759 1945 923 2022 pendentes
946 1954 975 2007 et
1002 1944 1158 2008 instabiles
1185 1946 1280 2007 missi·

67 2046 99 2097 10
116 2028 195 2091 libus
216 2031 314 2091 arceri
334 2037 482 2108 poterant.
525 2030 606 2091 inter
628 2046 703 2107 quae
725 2046 815 2107 parva
837 2029 918 2092 dictu
940 2048 989 2090 res
1018 2029 1178 2109 Tyriorum
1207 2029 1280 2091 fidu·

117 2115 193 2176 eiam
225 2113 369 2175 accendit.
419 2112 706 2191 Carthaginiensium
737 2112 827 2191 legati
856 2113 892 2175 ed
921 2113 1133 2175 celebrandum
1162 2132 1281 2177 merum

118 2200 351 2261 anniversarium
374 2216 459 2259 more
472 2200 569 2277 patrio
584 2207 656 2259 tunc
671 2205 826 2258 venerant:
851 2199 960 2278 quippe
975 2196 1187 2276 Carthaginem
1201 2198 1283 2278 Tyrii

68 2297 98 2345 11
117 2281 326 2351 condiderunt,
350 2299 468 2361 semper
490 2289 648 2360 parentum
670 2279 736 2341 loco
760 2279 839 2342 culti.
869 2282 989 2344 Hortari
1012 2300 1084 2360 ergo
1099 2283 1193 2344 Poeni
1214 2300 1283 2344 coe·

116 2375 240 2444 perant,
271 2376 304 2428 ut
332 2364 517 2427 obsidionem
546 2365 616 2425 iorti
644 2365 742 2425 animo
769 2372 957 2443 paterentur:
992 2365 1077 2427 brevi
1105 2364 1284 2446 Cartbagine

116 2448 219 2510 auxilia
249 2459 380 2511 ventura.
425 2448 559 2528 Namque
587 2467 621 2509 ea
649 2456 821 2525 tempestate
849 2468 955 2527 magna
984 2468 1020 2510 er
1047 2458 1132 2529 parte
1160 2452 1284 2513 Punicis

67 2551 98 2599 12
117 2533 257 2595 classibus
279 2536 372 2594 maria
395 2532 619 2595 obsidebantur.
663 2531 756 2610 {gitur
778 2532 856 2594 bello
880 2534 1001 2596 decreto
1020 2552 1075 2613 per
1092 2552 1197 2595 muros
1221 2528 1317 2597 tur-9

148 2770 171 2820 7.
184 2767 417 2823 decreverant
430 2766 671 2823 ‘hattensichhald
758 2770 781 2820 9.
803 2775 879 2822 erat
903 2774 974 2822 ‘war
994 2767 1176 2830 vorhauden’,
1198 2767 1285 2824 daher

115 2833 197 2886 dahin
221 2834 362 2900 geeinigt’.
387 2862 420 2872 —
449 2835 591 2896 evolvit,
617 2835 672 2890 wie
722 2841 841 2898 praeter
857 2833 1092 2901 nichtanstdssig.
1110 2863 1144 2871 -
1158 2835 1286 2891 ambie-

115 2898 194 2976 Perg.
213 2899 278 2960 Aen,
294 2903 317 2955 1.
333 2905 367 2953 86
384 2907 480 2958 costos
501 2903 615 2957 noiouni
635 2903 674 2957 od
724 2900 793 2964 bat,
807 2918 838 2957 so
852 2900 965 2956 bildlioh
978 2900 1284 2970 vonsachl.Subjekten

112 2963 199 3018 litora
209 2965 323 3029 fluctus.
724 2967 811 3023 sehon
824 2966 867 3023 bei
879 2966 934 3022 biv.
947 2996 981 3006 —
991 2983 1167 3036 praeceps
1179 2973 1216 3024 in
1228 2985 1285 3025 sa·

149 3033 173 3085 8.
191 3033 409 3098 accipiendo,
434 3035 489 3101 vgl.
512 3035 568 3090 Liv.
589 3039 630 3090 21.
656 3037 672 3087 8
723 3033 798 3089 iam.
816 3034 1087 3102 DieganzeStelleist
1119 3036 1285 3105 oetischge·

115 3099 166 3151 aiae
190 3100 395 3164 accipientibus
419 3100 489 3156 locis
518 3117 615 3156 oera.
639 3128 673 3138 -
723 3053 1285 3169 itrlit:dieinsbieerjthabiabendebiauer

115 3119 672 3246 ntoiesapiapiatyomdufidhren
724 3167 800 3222 hatte
810 3168 893 3247 jeder
904 3168 976 3236 Weg
989 3169 1137 3247 (pedestre
1154 3173 1223 3293 wib
1239 3170 1284 3226 ab·

117 3245 190 3285 ernas
208 3230 330 3288 hammes
349 3248 437 3289 sowre
454 3250 518 3290 vom
530 3232 672 3289 Trerbeu
744 3234 898 3291 eschmtten
910 3234 1193 3294 d.h.s1ehessheinen
1221 3254 1285 3295 aum

116 3297 192 3352 einer
220 3298 290 3353 biine
320 3300 507 3365 (cuniculus).
546 3300 672 3356 Daneben
724 3248 939 3359 inruenseloen.
965 3301 1283 3370 nathinneorum.

115 3365 214 3420 moieno
226 3368 321 3422 iacere
334 3367 361 3432 8.
375 3371 414 3429 16,
428 3367 501 3423 Caes.
513 3367 672 3423 b.e.3.112.
723 3400 756 3410 —
766 3370 962 3433 pendentes
974 3393 1008 3413 =
1021 3376 1053 3426 at
1064 3378 1150 3427 erant
1157 3373 1245 3441 pand.
1257 3380 1285 3429 et

115 3434 672 3502 -primapnaepue,hier,wiesel-
722 3435 877 3491 instabiles.
917 3436 967 3491 lias
996 3436 1205 3497 Schwanhen
1234 3440 1284 3496 der

115 3499 670 3582 ten,mitappositiopellemheisatz(con-
722 3500 1283 3575 SchiiiemachteeinewirhsameGegan-

113 3570 222 3632 pesia),·
236 3567 672 3636 grieehaaastavapaonsvin.
724 3569 802 3623 wehr
826 3584 914 3635 gagen
937 3571 982 3625 die
1004 3572 1128 3638 Angriffe
1154 3591 1209 3631 von
1235 3575 1282 3631 der

115 3659 150 3673 —
160 3634 265 3698 puicu
277 3635 376 3691 illisa
389 3639 477 3691 mori
482 3653 504 3692 s.
524 3637 603 3693 Sinn:
612 3637 673 3692 ‘der
723 3634 815 3691 biauer
827 3637 995 3704 unmdglioh.

115 3700 198 3756 Wind
211 3704 403 3758 zertrrimmert
416 3719 443 3758 es
457 3704 544 3759 durch
557 3704 609 3760 den
618 3706 672 3758 An·
759 3705 799 3758 10.
811 3704 904 3757 inter
917 3720 1015 3771 quae,
1029 3705 1098 3762 Einl.
1113 3708 1142 3775 8.
1154 3713 1282 3765 notanter

115 3767 187 3837 prall
206 3768 253 3823 des
271 3769 373 3826 bieeres
390 3770 447 3825 und
463 3770 541 3826 wirit
558 3788 587 3826 es
605 3778 671 3826 um’.
724 3770 825 3825 inter.
850 3799 883 3807 —
900 3774 1075 3839 accendit,
1092 3772 1119 3842 S.
1136 3780 1179 3832 20.
1209 3776 1281 3831 Clas-

112 3837 201 3903 pnisn
211 3839 301 3892 maris
313 3837 367 3893 wie
378 3837 546 3894 anderwirts
553 3856 583 3905 p.
595 3841 672 3894 orie·
724 3837 797 3892 sisch
812 3854 877 3892 nur:
892 3841 1018 3896 accendo
1027 3847 1063 3906 te,
1082 3845 1210 3899 animum
1225 3846 1279 3899 iro.

115 3911 183 3970 iaia,
197 3921 355 3967 remorans
372 3905 446 3960 illidi
460 3928 494 3949 =
506 3906 672 3962 zersohmet·
723 3929 756 3942 -
773 3906 1021 3970 condiderunt,
1044 3908 1108 3964 bald
1132 3911 1203 3966 nach
1220 3914 1280 3973 900;

115 3980 171 4026 tert
187 3973 300 4028 uuerden
322 3971 409 4029 naban
431 3973 491 4028 dem
514 3972 672 4028 dblicberen
724 3972 810 4027 oniti
821 3995 855 4015 =
867 3976 916 4040 qai
927 3976 990 4031 ideo
1002 3976 1179 4034 colebantur.

115 4039 189 4092 iiiidi
204 4043 254 4101 rei,
276 4043 307 4094 in
324 4057 383 4096 rem
401 4041 487 4096 sehon
505 4040 549 4096 bei
568 4038 621 4095 Cio.
638 4070 673 4079 —·
759 4044 799 4093 11.
813 4055 852 4095 eo
870 4047 1091 4108 tempestate,
1109 4045 1164 4101 wie
1182 4048 1280 4101 3.1.2.

115 4107 266 4160 exedant
277 4108 491 4172 ‘unterwtihlen
503 4108 673 4163 durchwtih-
760 4111 799 4163 12.
812 4124 929 4165 macros
941 4115 1131 4178 turresque
1144 4113 1199 4168 wie
1212 4112 1238 4178 8.
1251 4116 1279 4174 9;

115 4172 180 4234 lon’‚
205 4173 258 4238 vgl.
275 4178 299 4229 3.
319 4178 343 4229 4.
366 4180 409 4239 10;
435 4191 546 4232 nexas
566 4200 600 4219 =
621 4176 673 4231 die
722 4184 873 4243 perpessi
890 4177 1013 4242 tveniger
1030 4195 1064 4232 zu
1076 4185 1093 4234 i.
1112 4178 1152 4235 als
1171 4198 1205 4236 zu
1221 4196 1279 4235 mu·

115 4238 237 4315 Fugere.
255 4267 287 4276 —
306 4246 426 4297 surani
442 4252 509 4299 statt
525 4259 672 4304 suminam,
725 4258 783 4297 ros.
797 4270 829 4278 -
845 4244 1020 4308 dividant,
1039 4246 1092 4302 uie
1109 4264 1198 4315 apros
1215 4249 1279 4303 civi·

115 4320 169 4360 wre
182 4309 205 4360 8.
221 4311 259 4362 10.
272 4311 302 4359 31
317 4324 442 4365 summae
453 4310 524 4377 fast.
537 4317 650 4367 terrae..
726 4308 778 4364 bns
790 4310 917 4367 dividere
934 4310 978 4366 bei
996 4310 1048 4367 Cic.
1064 4342 1098 4352 —
1115 4316 1276 4385 opifices.
