2752 4776
86 253 128 319 68
537 253 570 314 e.
589 251 701 304 cunm
718 251 807 303 nunt

37 423 184 492 rosetum
206 421 370 491 videbatur,
393 424 462 501 quia
485 420 719 499 magnitudinem
746 419 817 482 mati
838 419 992 481 sentiebat.
1037 420 1138 482 Animi
1160 429 1260 481 antem

89 507 242 587 aegritudo
266 524 375 586 corpus
398 504 553 584 urguebat,
570 506 679 585 quippe
694 505 823 566 Dareum
840 506 944 584 quinto
959 503 1007 566 die
1022 505 1053 566 in
1070 503 1174 566 Cilicia
1195 504 1261 565 fore

89 591 290 657 nuntiabatur.
333 589 472 652 Vinctum
495 607 567 668 ergo
589 609 623 651 se
644 588 723 650 tradi
744 596 774 650 et
795 597 905 650 tantam
928 591 1082 650 victoriana
1105 588 1183 669 eripi
1205 588 1263 651 sibi

91 696 129 739 ex
155 676 293 739 manibus
320 675 508 752 obscuraque
537 681 567 734 ot
593 672 717 752 ignobili
739 681 835 735 morte
857 675 889 734 in
911 672 1105 735 tabernaculo
1128 674 1264 753 extingui

39 772 71 821 11
90 781 124 823 se
145 760 335 842 querebatur.
372 758 577 836 Admissisque
598 759 828 837 amieispariter
843 758 1028 820 comeditis:
1050 757 1095 818 ‘ln
1116 763 1262 838 qno-me’,

89 847 201 924 inquit,
230 843 365 907 ‘ardente
393 861 496 905 rerum
523 860 657 904 mearum
689 844 809 903 fortuna
842 842 1089 922 deprehenderit,
1126 844 1262 904 cernitis.

91 931 254 1009 Strepitum
276 928 431 991 hostilium
453 945 606 990 armorum
634 927 775 988 exaudire
802 926 875 988 mihi
895 926 1001 989 videor
1028 934 1071 996 et,
1100 929 1155 1007 qut
1183 926 1264 989 ultro

41 1025 72 1073 12
90 1016 179 1077 intuli
199 1012 326 1085 bellum,
356 1014 416 1076 iam
437 1030 593 1092 provocor.
638 1011 753 1073 Dareus
775 1029 847 1090 ergo
870 1030 939 1073 cum
960 1018 1021 1073 tam
1051 1011 1200 1092 superbas
1228 1009 1264 1071 n·

90 1108 170 1161 teras
191 1097 348 1169 scriberet,
371 1099 522 1159 fortunam
543 1114 641 1157 meam
663 1097 693 1156 in
716 1095 840 1157 consilio
862 1095 979 1157 habuit:
1002 1096 1053 1157 sed
1070 1096 1263 1177 nequiquam,

40 1193 72 1242 13
90 1185 115 1245 si
137 1183 211 1245 mihi
233 1182 357 1244 arbitrio
380 1199 448 1242 meo
471 1182 570 1242 curari
590 1180 668 1242 licet.
713 1180 806 1242 Lenta
833 1181 964 1242 remedia
987 1188 1017 1240 et
1038 1198 1148 1260 segnes
1169 1181 1265 1242 rnedi-

91 1287 143 1329 cos
173 1284 234 1328 non
262 1273 420 1346 expectant
446 1279 582 1345 tempora
610 1283 691 1326 mea:
724 1264 771 1326 vel
798 1267 876 1326 mori
903 1271 1025 1327 strenue
1058 1282 1147 1344 quam
1175 1265 1265 1327 tarde

91 1350 301 1414 convalescere
324 1350 396 1411 mihi
417 1350 524 1412 metius
545 1359 599 1411 est.
643 1348 783 1420 Proinde,
807 1350 832 1410 si
855 1349 927 1428 quid
949 1351 1024 1428 opis,
1047 1350 1167 1430 siquid
1190 1352 1266 1411 artis

91 1437 122 1497 in
144 1434 268 1496 medicis
297 1442 357 1504 est,
386 1436 494 1504 sciant,
524 1452 574 1494 me
600 1451 661 1495 non
682 1440 743 1495 tarn
765 1435 869 1495 mortis
891 1451 979 1512 quarn
1001 1432 1073 1495 belii
1094 1433 1266 1497 remedium

42 1528 75 1576 14
92 1523 261 1600 quaerere.2
303 1520 457 1596 lugentem
486 1518 623 1580 omnibns
649 1521 815 1580 incenserat
841 1536 943 1581 curam
969 1524 1029 1580 tarn
1051 1535 1199 1598 praeceps
1219 1527 1266 1580 te·

90 1606 213 1665 meritas
227 1605 301 1666 eius.
338 1602 418 1681 Ergo
432 1619 488 1682 pro
509 1620 540 1664 se
562 1605 690 1681 quisquo
709 1604 828 1683 precari
849 1621 986 1682 coepere,
1010 1621 1049 1664 ne
1070 1603 1267 1666 testinatione

42 1695 74 1744 15
92 1687 257 1769 periculum
286 1696 425 1766 augeret,
454 1687 506 1748 sed
535 1695 615 1749 esset
640 1690 671 1748 iu
699 1693 843 1766 potestate
872 1688 1072 1749 medentium:
1105 1689 1266 1768 inexperta

91 1773 225 1834 remedia
247 1771 325 1832 baud
347 1773 457 1833 iniuria
477 1774 552 1850 ipsis
574 1789 638 1833 esse
660 1779 812 1851 suspecta,
842 1790 910 1832 curn
939 1771 975 1832 ad
1003 1773 1171 1852 perniciem
1200 1773 1267 1834 eius

42 1863 74 1913 to
93 1859 181 1918 etiam
209 1875 225 1916 a
253 1855 345 1917 latere
371 1855 464 1935 ipsius
491 1858 618 1935 pecunia
652 1855 824 1918 sollicitaret
852 1856 954 1916 bostis.
1005 1855 1121 1936 Quippe
1148 1856 1267 1919 Dareus

92 1941 177 2002 mille
195 1941 305 2002 talenta
319 1940 505 2002 interfectori
519 1939 678 2002 Alexandri
700 1939 838 2002 daturum
860 1958 892 2001 se
914 1942 1101 2019 pronuntiari
1123 1942 1265 2003 iusserat.

91 2027 193 2106 ltaque
215 2043 254 2087 ne
276 2042 416 2089 ausurum
439 2025 557 2102 quidem
581 2043 758 2105 quemquam
778 2023 1000 2087 arbitrabantur
1016 2026 1149 2104 experiri
1164 2044 1267 2088 reme·

91 2111 182 2181 diurn,
206 2109 285 2187 quod
307 2117 433 2190 propter
455 2111 614 2170 novitatem
637 2119 738 2188 posset
760 2126 826 2170 esso
848 2116 1028 2188 suspectum.

601 2261 677 2321 Car.
701 2259 748 2320 Vl.

60 2380 73 2426 1
178 2359 249 2420 Erat
269 2361 348 2420 inter
370 2357 486 2420 nobiles
501 2358 644 2428 medicos,
668 2378 703 2420 cx
719 2360 891 2422 Macedonia
913 2379 1016 2441 regem
1039 2369 1168 2433 secutus,
1193 2363 1267 2425 Phi·
1277 2358 1316 2422 14

91 2442 206 2522 lippus,
243 2445 363 2504 natione
390 2445 543 2513 Acarnan,
578 2443 653 2505 lidus
682 2444 841 2505 admodum
868 2447 947 2524 regi:
981 2464 1076 2526 puero
1104 2464 1207 2509 comcs
1236 2458 1268 2510 et

93 2536 194 2590 onmes
214 2528 317 2590 salutis
340 2528 427 2590 datus
448 2545 509 2588 non
531 2534 564 2590 ut
584 2545 687 2606 regem
715 2527 820 2600 modo,
851 2530 904 2590 sed
932 2531 1020 2591 etiam
1048 2540 1082 2592 ut
1108 2531 1267 2595 alumnum

57 2631 74 2678 2
94 2613 197 2674 eximia
214 2615 337 2675 caritate
360 2611 508 2691 ditigebat.
545 2611 574 2672 Is
596 2630 657 2674 non
679 2630 823 2691 praeceps
845 2632 888 2684 se,
911 2614 964 2674 sed
986 2622 1142 2678 strenuum
1163 2635 1266 2678 reme·

93 2698 173 2759 dium
203 2698 321 2759 adferre
348 2704 520 2775 tantamque
547 2699 606 2757 vim
635 2696 733 2758 morbi
760 2700 882 2778 potione
915 2698 1061 2760 medioata
1094 2701 1266 2764 levaturum

129 2901 168 2951 10.
192 2912 285 2963 erpo,
299 2896 359 2951 hier
376 2896 420 2952 die
432 2896 568 2953 bekannte
584 2896 649 2952 Par·
737 2899 776 2954 14.
790 2902 883 2953 erret
895 2899 929 2952 in
941 2904 1164 2963 potestate=
1174 2917 1266 2968 pore-

91 2962 160 3019 tilsel
189 2964 237 3018 der
254 2962 445 3030 designation,
471 2964 571 3030 gehon
596 2979 650 3019 nur
701 2970 761 3024 ret,⁸
774 2979 805 3018 so
818 2965 905 3019 sebon
917 2964 1018 3020 Livius.

90 3045 156 3085 'zum
167 3027 367 3084 Infinitivsatze.
736 3035 775 3087 15.
797 3031 1025 3088 sollicitaret.
1042 3033 1094 3090 Das
1109 3033 1214 3103 objetu
1227 3037 1266 3093 ist

129 3100 169 3151 11,
182 3096 338 3151 articula
351 3099 516 3164 temporis
531 3097 613 3163 (um),
628 3114 649 3152 s.
702 3113 750 3152 aus
761 3097 900 3154 clareret
918 3102 1268 3167 s.zuerganzen,wasinst

91 3162 147 3219 Cic.
159 3180 186 3231 p.
200 3162 308 3229 Quinet.
314 3167 365 3241 ⁸19.
383 3163 445 3220 sind
457 3162 649 3225 „Kneten“·
700 3116 989 3234 =rse1neunrgebungr
995 3183 1062 3230 war,
1069 3185 1090 3225 s.
1096 3167 1167 3224 nint
1174 3167 1268 3238 §.md

93 3231 118 3286 d.
142 3230 168 3284 h.
198 3229 410 3285 entsoherdende
437 3229 649 3299 Wentepuntue
735 3233 1036 3290 remitteratenra.
1055 3235 1268 3295 turstenesn.

92 3294 204 3365 (ὁοιιαί)
217 3297 266 3352 der
277 3295 443 3362 Eretgnisse.
703 3304 725 3354 1.
739 3302 779 3363 12,
793 3303 833 3356 10.
847 3303 886 3355 16.

128 3369 168 3420 12.
180 3365 316 3421 literas.
332 3364 394 3419 Dies
406 3363 543 3420 berichtet
555 3381 651 3421 ausser

94 3431 122 3486 C.
137 3449 191 3487 nur
200 3432 273 3488 noch
285 3430 607 3488 Pseudo-Callisthenes.
616 3460 650 3471 -
921 3453 989 3508 cnr.
1001 3452 1043 3508 ιιι,

93 3502 129 3553 in
141 3515 232 3555 conr.
244 3500 373 3555 babuit.
391 3499 470 3554 Sinn:
482 3515 512 3554 er
521 3499 650 3555 hatmein

94 3565 374 3645 Sebicksalzuitathe
387 3581 519 3634 geaogen,
532 3565 594 3622 dh.
605 3566 653 3622 auf
737 3572 760 3622 1.
778 3582 899 3624 comes.
926 3567 963 3625 So
981 3579 1103 3637 genennt
1119 3572 1190 3627 anch
1210 3590 1268 3631 von

92 3647 165 3687 mern
179 3631 303 3699 Unglnck
319 3649 356 3688 un
369 3649 469 3689 vorsus
488 3635 652 3700 gerentinum
702 3634 761 3689 Val.
780 3634 845 3690 Max.
864 3641 887 3690 3.
905 3637 930 3690 8.
956 3645 1009 3693 ext.
1026 3641 1055 3703 6,
1078 3637 1128 3695 der
1145 3639 1190 3695 die
1213 3641 1267 3697 Ge-

92 3699 203 3756 atmlioh
216 3703 333 3763 5.5.1n;
347 3699 521 3757 tiranno.
540 3699 577 3756 So
589 3709 652 3768 sagt
703 3702 826 3757 sobichte
841 3701 1005 3760 wesenttich
1023 3705 1123 3761 anders
1141 3707 1265 3771 errabit:

92 3768 180 3823 sebon
199 3766 252 3823 Cio.
264 3766 361 3835 lenem,
372 3769 456 3834 fidem
468 3770 499 3823 in
510 3783 588 3823 conr.
599 3769 650 3824 ba·
703 3774 800 3825 custos
812 3769 916 3826 solutis
926 3793 961 3815 π
972 3771 1109 3829 Leibarat

92 3836 167 3898 bere,
178 3836 244 3890 wir:
258 3834 649 3892 ‘einBuehanltathezielren’.
736 3840 758 3891 2.
796 3852 944 3904 raecepa
958 3844 1192 3906 -rtrenuum
1204 3849 1267 3900 ‘an-

129 3908 168 3958 13.
194 3919 260 3959 non
285 3909 495 3971 expectant,
525 3901 650 3958 bezeich·
722 3854 1266 3978 enhfietlicu-kratnngirkend’(vgt.

95 3970 199 4049 render
211 3969 251 4026 als
264 3973 484 4039 conpatiuntur
495 3993 529 4014 =
540 3969 650 4051 konnen
702 3919 783 4051 decta·
792 3973 930 4035 remedia,
944 3977 969 4028 5.
983 3971 1035 4042 ta).
1053 4002 1085 4013 -
1104 3976 1265 4043 adferre,

93 4037 172 4091 nicht
192 4047 299 4094 werten
320 4038 368 4094 aut
392 4046 442 4094 etc.
469 4066 501 4076 -
526 4044 650 4094 mortar
702 4038 820 4093 namlreh
842 4040 929 4102 dixit,
948 4040 996 4096 das
1015 4059 1064 4097 aus
1100 4045 1214 4100 remisit
1230 4061 1266 4100 zu

94 4120 193 4170 quom
217 4104 310 4166 betti,
335 4106 411 4161 nieht
433 4104 527 4161 sebert
552 4120 650 4172 ansge·
702 4106 866 4161 entnehmen
883 4107 927 4163 ist.
955 4107 1051 4164 Aebnl.
1089 4109 1203 4167 trnktur
1220 4111 1266 4168 bei

95 4170 206 4233 trucum
224 4170 278 4236 vgl.
297 4176 362 4227 tna.
381 4177 412 4225 15
430 4189 486 4228 non
507 4175 581 4228 vitoe
597 4173 652 4228 sed
702 4171 767 4228 Sall.
779 4173 841 4240 Jug.
853 4176 926 4228 623.
940 4203 971 4212 -
985 4176 1265 4247 medicatoffloet.

94 4240 194 4293 mortis
205 4238 343 4294 solacium
358 4239 648 4295 u.Cic.inCatil.2.1t
701 4255 729 4293 u.
739 4238 853 4301 nachot..
864 4241 920 4296 wie
933 4243 1169 4310 adrumentinam
1182 4245 1266 4303 class.

93 4321 152 4360 uon
164 4306 298 4370 inuidiae,
315 4320 412 4362 oerum
425 4310 498 4363 uitae
511 4306 650 4374 cemento.
701 4306 827 4372 saluber,
840 4307 988 4366 salutm-m.
