2752 4776
339 244 578 294 msuonrnnuu
599 245 804 293 nnnxaunm
824 248 876 312 vr,
902 245 940 295 11.
1179 233 1222 299 45

53 403 98 463 Ac
121 401 237 479 primo,
265 414 440 480 quamquam
464 400 532 461 binc
554 403 640 479 ignis,
664 401 742 462 illinc
764 402 888 464 verbera
910 406 969 465 iam
992 422 1052 465 non
1075 405 1111 465 ad
1135 424 1224 484 quae·
1245 421 1276 471 16

54 486 194 555 stionem‚
218 484 269 546 sed
293 485 329 546 ad
350 502 477 562 poenam
500 485 723 564 ingerebantur,
747 504 806 546 non
827 507 930 549 vocem
948 491 1045 560 modo,
1069 491 1120 552 sed
1137 493 1225 552 etiam
1276 546 1283 559 ,

55 571 186 649 gemitus
208 569 312 631 habuit
333 570 376 659 in'
386 578 546 650 potestate:
576 570 626 631 sed
650 579 804 651 postquam
827 574 1028 635 intumescens
1050 593 1157 655 corpus
1179 575 1277 640 nl·1v

55 654 178 716 ceribus
199 652 384 732 flagellorum
406 658 483 716 ictus
505 655 593 716 nudis
615 655 730 717 ossibus
752 658 887 719 incussos
915 657 994 720 ferre
1016 677 1075 720 non
1098 668 1225 739 poterat,

57 741 85 800 si
103 741 262 800 tormentis
285 738 446 800 adhibituri
468 739 588 800 modum
613 751 721 809 essent,
746 741 891 802 dicturum
915 760 961 813 se,
986 761 1060 821 quae
1083 746 1160 805 seire
1176 764 1226 807 ex·

57 831 211 905 peterent,
240 822 407 904 pollicetur.
459 824 516 885 Sed
544 826 632 886 linem
661 827 826 905 quaestioni
853 827 931 897 lore,
967 829 1065 889 iurare
1094 846 1144 889 eos
1171 848 1225 909 per

55 907 217 970 Alexandri
239 907 363 970 salutem
386 907 501 971 volebat
523 912 729 989 removerique
752 918 889 972 tortores.
935 912 972 973 Et
994 923 1120 993 utroque
1140 916 1275 992 iope-18

55 1000 146 1063 trato,
171 994 328 1064 ‘Craterc’,
351 995 456 1073 inquit,
481 995 550 1063 ‘die
575 994 644 1072 quid
668 1013 715 1055 me
735 995 805 1055 velis
820 997 941 1062 dicere'.
979 996 1032 1058 lllo
1052 996 1225 1075 indignante
1244 1014 1276 1062 19

54 1077 205 1139 ludificari
228 1096 296 1138 eum
318 1096 482 1156 rursusque
504 1086 662 1141 revocante
692 1088 818 1142 tortores
845 1092 960 1162 tempus
988 1089 1090 1162 petere
1118 1083 1224 1161 coepit,

58 1162 129 1225 dum
151 1163 304 1242 reciperet
326 1164 472 1243 spiritum,
496 1174 616 1235 cuncta,
641 1183 716 1244 quae
739 1168 838 1235 sciret,
861 1166 1059 1227 indicaturus.
1103 1166 1225 1228 interim
1243 1182 1277 1231 2ο

56 1249 184 1327 equites,
209 1246 408 1309 nobilissimus
431 1251 556 1328 quisque
580 1259 609 1309 ct
629 1251 651 1310 ii
672 1253 809 1320 manime,
833 1252 883 1330 qui
905 1251 1131 1312 Parmenionem
1154 1269 1224 1331 pro-

56 1332 169 1412 pinqua
192 1334 368 1411 cognatione
391 1333 619 1411 contingebant,
648 1344 804 1414 postquam
828 1334 962 1397 Philotan
990 1337 1125 1416 torqueri
1147 1336 1226 1397 lama

55 1416 244 1495 vulgaverat,
267 1417 364 1495 legem
385 1418 577 1479 Macedonum
600 1423 704 1489 veriti,
727 1438 784 1498 qua
808 1428 924 1481 cautum
948 1430 1026 1492 erat,
1049 1430 1083 1481 ut
1103 1423 1225 1501 propin·

54 1503 107 1579 qui
132 1519 246 1571 eorum,
271 1504 320 1579 qui
342 1505 406 1581 regi
427 1503 558 1563 insidiati
580 1512 690 1571 essent,
714 1522 781 1564 cum
803 1508 877 1584 ipsis
900 1514 1093 1575 necarentur,
1123 1504 1172 1566 alii
1194 1522 1226 1566 se

53 1587 253 1656 interficiunt,
284 1585 334 1648 alii
361 1589 390 1648 in
414 1587 513 1648 devios
534 1598 650 1649 montes
672 1597 827 1667 vastasque
849 1588 1022 1651 solitudines
1044 1590 1159 1668 lugiunt
1179 1591 1225 1651 in·

53 1671 140 1749 genti
167 1690 222 1750 per
249 1679 310 1731 tota
339 1680 435 1733 castra
463 1681 580 1733 terrore
607 1673 728 1741 diliuso,
757 1673 851 1735 donec
879 1694 932 1735 rex
955 1674 1082 1737 tumultu
1105 1677 1224 1752 cognito

10 1752 156 1834 sslegem
180 1774 213 1817 se
234 1759 273 1816 de
294 1755 438 1836 supplicio
460 1759 685 1818 coniunctorum
700 1757 835 1819 sontibus
850 1762 1003 1820 remittere
1018 1760 1116 1820 edixit.
1154 1759 1224 1820 Phi·
1243 1772 1274 1819 21

55 1841 136 1902 lotas
157 1859 268 1902 verone
290 1858 327 1902 an
349 1842 504 1903 mendacio
527 1841 654 1903 liberare
683 1862 716 1902 se
746 1861 762 1903 a
785 1845 919 1904 cruciatu
942 1844 1082 1914 voluerit,
1100 1838 1225 1923 'anceps

58 1927 232 1987 coniectura
255 1934 308 1995 ost,
333 1929 471 2004 quoniam
494 1936 524 1987 et
546 1945 614 1988 vera
637 1927 778 1988 conlessis
808 1936 837 1986 et
865 1927 935 1988 lalsa
960 1928 1125 1990 dicentibus
1146 1928 1225 1988 idem

59 2007 173 2071 doloris
192 2010 259 2070 linis
283 2011 459 2071 ostenditur:
484 2019 630 2085 ceterum,
655 2012 785 2079 ‘Pater',
809 2013 912 2091 inquit,
937 2015 1032 2073 ‘meus
1054 2011 1223 2089 Hegelocho
1242 2023 1276 2072 22

58 2111 149 2172 quam
171 2092 354 2155 familiariter
377 2114 447 2157 usus
469 2098 521 2164 sit,
545 2114 604 2156 non
627 2098 785 2174 ignoratis:
815 2095 898 2156 illum
922 2097 988 2158 dico
1011 2096 1222 2175 Hegelochum,

57 2180 110 2260 qui
132 2180 164 2240 in
187 2181 250 2240 acie
272 2179 391 2242 cecidit:
417 2183 547 2241 omnium
570 2180 717 2241 malorum
740 2180 825 2241 nobis
847 2181 902 2241 luit
924 2200 1019 2244 causa.
1067 2181 1139 2243 Nam
1156 2198 1223 2241 cum
1241 2192 1275 2241 23

57 2266 190 2343 primum
222 2264 298 2325 lovis
326 2266 417 2326 tilium
441 2283 473 2325 se
503 2266 624 2327 salutari
645 2267 731 2328 iussit
752 2284 819 2334 rex,
842 2265 871 2326 id
894 2267 1016 2346 indigne
1039 2266 1137 2327 lerens
1159 2264 1223 2326 ille:

60 2347 150 2409 ‘buno
173 2351 265 2426 igitur
285 2367 387 2427 regem
410 2350 628 2428 adgnoscimus,
652 2352 763 2427 inquit,
788 2352 838 2430 qui
859 2350 1026 2431 Philippum
1050 2351 1225 2428 dedignatur

57 2433 195 2514 patrem?
218 2441 314 2494 actum
339 2441 382 2495 est
405 2433 441 2494 de
464 2434 559 2504 nobie,
583 2437 608 2495 si
630 2437 684 2496 ista
699 2438 816 2515 perpeti
830 2453 997 2515 possumus.
1042 2436 1108 2496 Non
1130 2436 1225 2497 homi·
1243 2445 1277 2495 24

57 2617 121 2674 lach
139 2615 186 2672 fiir
204 2617 251 2672 das
269 2617 416 2673 classische
431 2621 525 2685 praua
537 2642 570 2662 =
583 2637 617 2674 zu
669 2623 938 2686 quomunculam
949 2617 1227 2674 delectiCCCLVlll

56 2685 196 2747 Gunsten,
216 2702 250 2740 zu
268 2684 357 2741 Liebe.
524 2726 532 2745 .
669 2687 863 2742 nobilissimus
881 2689 1006 2753 quisque.
1042 2686 1088 2740 llie
1106 2687 1226 2754 Apposi·
1334 2692 1342 2705 '

97 2757 140 2809 16,
162 2753 206 2807 ud
226 2768 377 2820 poenam.
414 2754 440 2810 C.
459 2752 517 2808 will
540 2753 618 2809 wohl
668 2754 728 2810 tion
757 2755 794 2808 ist
824 2754 884 2808 eine
918 2752 1140 2810 erlauternde
1169 2753 1225 2809 und

55 2820 315 2944 lilegllhl'dlgsslllinllvl
328 2820 617 2957 hhlllmSiclhgtllsllhcllt
667 2820 1253 2956 llehealshhllkneinnlllohahclhswltrhlisisnl'

57 2957 127 3013 sche
145 2954 250 3023 Pragen
268 2971 302 3010 an
320 2955 388 3013 Phil.
407 2933 441 3013 z’u
459 2957 575 3012 richten.
669 2955 880 3024 eingesohoben.
897 2985 931 2996 ·-
947 2960 1049 3024 propi
1055 2973 1153 3025 uque.
1173 2957 1225 3012 Ge-

92 3027 135 3079 17.
154 3025 165 3078 i
170 3038 326 3080 onustos.
354 3025 390 3080 So
404 3024 451 3082 Sil.
463 3025 521 3080 ltal.
531 3028 556 3080 2.
567 3027 617 3076 625
670 3032 793 3092 gensatz:
812 3025 1071 3092 longinquatum.
1086 3030 1126 3078 19.
1144 3024 1225 3081 Beide

55 3091 182 3149 uerbera
204 3092 335 3158 Erinnys
357 3095 465 3149 incutit.
499 3093 552 3147 ber
569 3107 617 3159 ge·
668 3091 810 3160 adjectiva
836 3092 953 3148 braucht
979 3094 1048 3148 auch
1075 3092 1170 3150 Cicero
1197 3094 1226 3148 in

55 3157 218 3215 wdhnliche
240 3160 385 3216 husdruch
407 3178 465 3217 war
487 3161 617 3227 infligere
670 3160 803 3228 gleiohem
826 3160 917 3217 Sinus.
940 3190 974 3199 —
1000 3161 1105 3229 legem
1128 3177 1165 3218 se

55 3226 190 3284 verbera.
665 3231 849 3284 'remittere
877 3228 902 3285 d.
925 3230 951 3286 h.
977 3227 1023 3284 loir
1044 3230 1138 3286 diesen
1160 3227 1225 3293 Pall,

100 3297 142 3349 19.
162 3294 365 3362 ludificari,
385 3296 503 3351 namlich
524 3298 618 3362 ipsum
669 3296 753 3352 daher
777 3296 852 3351 nicht
873 3296 985 3361 tollere,
1009 3298 1130 3354 abolere.
1165 3297 1225 3365 Vgl.

58 3361 252 3428 (Craterum).
269 3364 347 3420 Aueh
366 3362 410 3418 bei
428 3362 480 3418 Cic.
500 3362 616 3431 phase.
670 3364 714 3420 die
731 3363 833 3419 Phrase
850 3366 898 3420 ius
914 3381 967 3432 pro
989 3368 1063 3419 rium
1075 3366 1164 3420 alicui
1180 3364 1226 3431 (zu

56 3432 119 3486 Am.
138 3433 172 3482 55
189 3431 226 3486 ist
244 3431 291 3486 das
305 3430 403 3499 ObJ'ect
421 3448 455 3486 zu
472 3437 616 3498 erganzen.
670 3432 794 3488 Gunsten
820 3383 986 3500 J'emaudeslJ
1012 3434 1163 3487 remittere.
1192 3459 1225 3468 —

57 3526 94 3536 -
117 3499 298 3565 reciperet
319 3500 374 3554 wic
396 3501 541 3566 recipiens
559 3500 618 3565 spi·
669 3500 829 3555 sontibus
850 3499 888 3554 ist
910 3499 986 3554 bativ
1008 3498 1145 3577 abhangig
1171 3515 1225 3555 von

58 3567 148 3622 ritum
166 3570 191 3621 2.
210 3570 251 3622 33.
668 3570 893 3623 coniunctorum.
912 3567 989 3621 buch
1009 3564 1061 3621 Cre.
1075 3573 1142 3645 'sagt
1159 3582 1226 3621 cou-

93 3638 137 3688 20.
155 3635 303 3690 iuterim.
316 3634 617 3690 Gewissermassenum
668 3637 784 3691 iunctus
802 3634 890 3689 elicui
906 3657 939 3676 =
957 3648 1097 3701 supparus
1115 3651 1183 3688 τινι.

56 3701 103 3757 die
122 3717 177 3756 von
194 3700 262 3757 Phil.
286 3701 417 3768 begehrte
442 3701 531 3758 Panse
548 3702 618 3757 auch
707 3707 749 3758 21.
780 3717 908 3768 aruceus
934 3705 1022 3757 coui-
1049 3708 1109 3756 est.
1144 3700 1223 3757 Sion:

57 3770 88 3825 iu
108 3768 158 3825 der
175 3767 332 3837 Euathlung
349 3770 485 3825 eintreten
507 3787 541 3825 zu
565 3768 618 3825 las·
669 3770 792 3826 llariiber
808 3770 938 3825 existiren
961 3785 1013 3823 nur
1030 3767 1225 3824 unbestimmte

57 3853 118 3900 sen,
136 3836 186 3892 hat
202 3836 252 3892 der
264 3836 464 3894 Schriitsteller
481 3837 542 3894 hier
559 3837 619 3893 eine
670 3837 904 3904 Vermuthungen.
939 3863 974 3875 -
1012 3837 1223 3900 ostenditur,

57 3905 110 3961 mit
129 3905 321 3972 dorcecestria
345 3920 395 3972 gar
416 3905 492 3961 nicht
513 3921 618 3961 zusam-
669 3906 751 3961 nami.
770 3904 814 3960 bei
833 3904 881 3959 der
899 3902 1058 3970 Polterung.

57 3972 268 4038 menhangende
299 3973 377 4028 Notiz
407 3973 616 4040 eingesohoben,
703 3977 743 4026 22.
760 3970 1225 4034 ceterum,hierahbrechend=

57 4039 301 4107 moglieherweise
335 4048 392 4096 erst
420 4040 617 4108 naohvragtieh,
669 4040 841 4096 cuicuimodi
857 4045 912 4099 est,
933 4054 967 4094 ne
986 4039 1082 4094 multa.
1098 4067 1131 4074 —
1156 4041 1188 4090 H
1191 4055 1224 4095 e-

58 4124 107 4164 um
126 4111 150 4164 7.
169 4111 192 4164 1.
211 4112 243 4160 10
260 4126 295 4163 zu
313 4108 484 4165 motivieren.
501 4137 535 4147 -
558 4124 616 4163 uo·
668 4107 723 4175 pel
730 4107 820 4162 ocho.
844 4106 988 4162 Vielleicht
1006 4107 1055 4162 der
1072 4108 1168 4163 Arre.
1182 4111 1223 4162 11.

60 4175 256 4232 ditissimus
289 4180 367 4244 uuis
394 4192 442 4233 ue.
493 4175 617 4232 liieselbe
668 4173 1056 4231 aerwshntettetteroherst.

60 4241 154 4299 liuhne
184 4244 338 4324 appositive
365 4194 542 4311 lernindung
570 4244 617 4299 hat
707 4243 989 4323 233dediguatur.
1027 4241 1224 4300 construction

59 4310 133 4368 auch
150 4310 241 4368 binus
261 4315 283 4364 1.
302 4316 359 4369 ‘cb
381 4312 465 4370 boues
481 4314 617 4369 eximium
669 4311 722 4368 wie
740 4311 784 4367 dre
802 4327 856 4368 von
873 4312 1006 4379 diguatus
1026 4315 1065 4367 10.
1083 4314 1123 4367 28.

1275 4436 1296 4500 l
