2752 4776
155 208 196 275 8ss
604 213 637 274 q,
656 166 769 263 arenul
787 209 877 262 nuri

155 384 275 445 natione
297 379 430 450 Mardus,
454 382 506 459 qui
528 380 564 441 ad
587 380 783 443 Parmeniona
806 379 966 461 perductus
989 380 1101 445 litteras
1130 381 1167 443 ad
1195 382 1319 445 Alexan·
1363 448 1368 455 ,

156 468 275 529 druma
298 466 450 547 praelecto
472 465 607 527 Damasci
629 467 735 528 missas
757 465 848 527 tradit
869 468 898 526 ei
921 485 976 527 uec
991 466 1128 528 dubitare
1145 485 1229 539 eum,
1253 470 1321 549 quin
1362 460 1368 539 l

122 567 276 614 annonam
305 553 419 630 regiam
447 547 663 631 supellectilem
695 569 764 611 cum
779 551 906 629 pecunia
921 550 1066 621 traderet,
1089 550 1206 613 adiecit
1251 552 1320 615 Par-
1365 548 1368 599 i

156 638 256 697 meniu
278 636 429 697 adservari
452 654 486 695 co
509 637 590 697 iusso
605 634 718 696 litteras
740 637 851 714 aperit,
874 636 905 696 in
928 637 995 714 quis
1018 643 1082 697 erat
1102 637 1262 716 scriptum,
1292 646 1323 699 ut

157 729 273 781 mature
295 718 460 781 Alexander
483 719 611 799 aliquem
634 738 669 780 ex
693 718 817 780 ducibus
838 721 901 781 suis
923 722 1056 781 mitteret
1070 738 1139 781 cum
1154 737 1248 782 manu
1264 724 1322 783 eri-

156 823 227 882 gua,
261 808 313 866 cai
332 805 482 882 traderet,
513 821 718 883 quaecumque
740 821 793 864 rex
814 821 907 883 penes
928 806 1025 884 ipsum
1046 804 1226 885 reliquisset.
1268 806 1322 867 lta·

122 902 140 949 4
157 908 217 969 que
238 889 373 950 Mardum
397 888 472 949 datis
488 885 645 949 comitibus
660 887 697 947 ad
711 887 895 967 proditorem
922 891 1055 951 remittit.
1084 888 1138 951 llle
1153 908 1171 951 e
1186 889 1324 952 manibus

155 974 385 1035 custodientium
407 971 508 1052 lapsus
530 972 705 1034 Damascum
729 981 797 1034 aute
818 972 916 1034 lucem
938 975 1037 1034 intrat.
1082 973 1271 1036 Turbaverat
1291 994 1325 1036 ea

155 1075 205 1118 res
235 1058 442 1119 Parmenionis
470 1057 602 1117 animum
628 1056 751 1118 insidias
777 1057 920 1127 timentis,
956 1065 986 1118 et
1012 1060 1146 1136 ignotum
1174 1059 1233 1120 iter
1261 1061 1327 1121 sine

156 1143 232 1204 duce
256 1160 314 1202 non
338 1141 465 1202 audebat
485 1140 618 1217 ingredi:
642 1139 774 1202 felicitati
795 1149 895 1203 tamen
918 1143 997 1220 regis
1018 1143 1065 1203 sui
1087 1143 1217 1205 conlisus
1240 1161 1325 1222 agre·

155 1234 231 1295 stes,
256 1229 307 1302 qui
330 1225 423 1287 duces
444 1225 559 1286 itineris
582 1234 695 1295 essent,
725 1227 822 1305 excipi
843 1227 936 1287 iussit.
981 1223 1094 1297 Quibus
1116 1225 1257 1289 celeriter
1277 1246 1325 1289 re·

155 1311 248 1387 pertis
270 1315 376 1387 quarto
400 1307 446 1369 die
469 1309 506 1370 ad
529 1308 634 1372 urbem
661 1312 798 1391 pervenit
824 1311 884 1370 iam
910 1317 1062 1372 metuente
1086 1312 1257 1390 praelecto,
1288 1329 1326 1373 ue

122 1393 213 1454 bsibi
234 1392 308 1454 tides
330 1391 430 1453 habita
454 1411 513 1454 nou
536 1401 623 1455 esset.
668 1395 762 1473 igitur
785 1396 868 1474 quasi
890 1413 994 1475 parum
1009 1396 1203 1458 munimentis
1223 1396 1327 1478 oppidi

156 1477 251 1537 fidens
279 1483 347 1537 ante
369 1476 440 1538 solis
463 1485 561 1539 ortum
582 1481 742 1558 pecuniam
764 1481 877 1557 regiam
899 1515 941 1524 -
963 1497 1064 1557 gazam
1085 1480 1196 1541 Persae
1217 1489 1328 1542 vocant

158 1596 196 1604 -
214 1580 281 1622 cum
302 1563 525 1641 pretiosissimis
539 1580 642 1625 rerum
658 1564 758 1625 efferri
772 1562 870 1634 iubet,
894 1564 994 1643 fugam
1009 1564 1167 1636 simulam,
1190 1583 1225 1627 re
1247 1584 1325 1637 vera,

122 1649 138 1696 6
157 1654 190 1705 ut
211 1645 353 1724 praedam
375 1646 454 1707 hosti
476 1649 606 1709 offerret.
651 1647 741 1710 Multa
763 1649 843 1710 milia
866 1651 999 1710 virorum
1013 1650 1255 1729 feminarumque
1276 1644 1368 1711 ‹ax-tl

157 1730 313 1791 cedentem
336 1730 445 1810 oppido
468 1731 684 1811 sequebantur,
717 1732 856 1794 omnibus
884 1731 1063 1795 miserabilis
1090 1731 1178 1793 turha
1206 1741 1344 1814 praetor·

157 1832 241 1883 eum,
276 1815 360 1876 cuius
388 1814 458 1876 fidoi
485 1818 640 1877 commissa
671 1824 743 1877 erat.
789 1817 904 1896 Quippe
939 1834 996 1894 quo
1024 1819 1120 1879 maior
1147 1817 1327 1897 proditionis

156 1915 273 1959 merces
295 1898 389 1974 soret,
419 1899 537 1962 obicere
559 1900 639 1962 hosti
660 1901 783 1981 parabat
803 1902 965 1980 gratiorem
988 1903 1068 1961 omni
1090 1903 1218 1979 pecunia
1239 1919 1326 1981 prac-

157 1982 239 2053 dam,
263 1982 378 2045 nobiles
400 1985 492 2056 viros,
520 1993 692 2065 praetorum
714 1985 802 2047 Darei
824 1987 966 2063 coniuges
986 1985 1174 2065 liberosque,
1204 1994 1326 2067 praeter

156 2066 210 2128 hos
233 2068 413 2130 Graecarum
436 2068 555 2130 urbium
577 2070 705 2148 legatos,
729 2087 803 2146 quos
825 2070 952 2140 Dareus,
983 2069 1116 2132 velutin
1143 2089 1213 2133 arce
1242 2073 1326 2133 tutis·

126 2153 248 2222 asima,
276 2149 309 2214 in
331 2152 492 2231 proditoris
513 2153 677 2231 reliquerat
705 2153 851 2215 manibus,
897 2153 1053 2231 Gaugabas
1081 2155 1190 2216 Persae
1218 2161 1327 2217 vocant

156 2236 288 2296 humeris
311 2253 402 2296 onera
423 2244 590 2315 portantes:
615 2238 646 2297 hi
669 2255 737 2299 cum
760 2241 939 2314 tempestatis
960 2241 1018 2298 aim
1033 2236 1164 2299 tolerare
1178 2257 1239 2299 non
1255 2257 1326 2319 pos·
1366 2292 1368 2299 .

155 2327 222 2379 sent
243 2353 285 2365 -—
307 2322 418 2397 quippe
440 2319 571 2398 procella
594 2320 692 2381 subito
720 2321 816 2383 nivem
846 2322 991 2383 effuderat
1019 2329 1048 2382 et
1074 2322 1182 2384 humus
1210 2324 1328 2401 rigebat

156 2400 224 2480 gelu
253 2410 316 2462 tum
339 2402 542 2465 adstricta-
565 2411 676 2475 vestes,
706 2423 779 2484 quas
802 2424 872 2466 cum
893 2408 1021 2486 pecunia
1048 2407 1223 2484 portabant,
1253 2425 1327 2469 auro

157 2495 187 2547 et
208 2503 342 2565 purpura
363 2487 493 2565 insignes
519 2488 649 2551 iuduunt
677 2488 757 2550 nullo
784 2490 946 2569 prohibere
973 2508 1059 2561 auso,
1110 2508 1178 2551 cum
1206 2491 1327 2553 fortuna

122 2573 237 2649 arogis
260 2573 348 2632 etiarn
370 2570 543 2635 humillimis
565 2575 597 2634 in
618 2575 717 2653 ipsum
731 2575 879 2635 licentiam
895 2575 1018 2635 faceret.
1063 2573 1234 2637 Praebuere
1254 2592 1327 2654 ergo

156 2656 346 2717 Parmenioni
368 2674 427 2718 non
456 2657 618 2738 spernendi
646 2660 772 2738 agminis
795 2661 933 2737 speciem.
980 2656 1037 2727 Qui
1064 2660 1226 2721 intentiore
1253 2677 1327 2721 cura

157 2759 227 2800 siros
255 2743 338 2820 quasi
365 2741 401 2801 ad
429 2743 539 2804 iustum
565 2742 714 2821 proelium
747 2745 849 2822 paucis
878 2743 1050 2803 adhortatus
1086 2745 1171 2821 equis
1199 2742 1327 2805 calcaria

123 2824 239 2886 oiubet
260 2825 389 2886 subdere
412 2834 441 2886 et
463 2829 525 2887 acri
546 2828 660 2907 impetu
681 2829 713 2887 in
741 2827 856 2888 hostem
886 2826 978 2888 evehi.
1023 2827 1060 2887 dt
1086 2825 1144 2896 illi,
1175 2829 1241 2908 quis
1269 2827 1327 2889 suh

156 2908 298 2969 oneribus
321 2918 406 2970 erant
427 2913 559 2980 omissis,
583 2918 773 2990 permotum
797 2918 953 2989 capessunt
974 2911 1088 2988 fugam:
1119 2914 1226 2973 armati
1253 2930 1327 2992 quo·

156 3145 271 3200 macheu
283 3160 311 3198 ιι.
325 3141 548 3209 Verstarlrungen
564 3159 598 3198 zu
612 3158 714 3197 erivar·
766 3148 806 3199 22.
821 3161 848 3199 u.
861 3146 907 3209 bl.
921 3173 954 3182 -
966 3146 1002 3198 in
1014 3160 1096 3200 arce
1113 3172 1146 3182 -
1162 3147 1175 3198 ι’
1180 3160 1199 3199 n
1217 3147 1328 3200 mani·

157 3220 212 3274 ten,
222 3211 262 3266 als
273 3210 404 3278 pldtzlich
418 3226 516 3265 u.s.w.
528 3237 562 3247 -—
572 3209 714 3273 nssatione
766 3211 840 3276 bur,
849 3210 1327 3279 Vermisohungrerschiedenerlle·

156 3278 314 3340 Mardas‚
337 3277 391 3332 wie
408 3280 465 3340 tit
488 3282 546 3332 nat.
563 3276 714 3333 Acarnan.
768 3279 894 3346 taphern.
1327 3318 1331 3323 -

157 3346 325 3402 dubitare.
354 3361 419 3399 non.
437 3344 500 3399 dab.
517 3366 551 3386 =
568 3343 714 3400 keinBe·
800 3343 1327 3412 7.Ganpabas,Satzbauwie3.19.

157 3413 284 3469 denhen
297 3420 418 3479 tragon
432 3412 481 3466 mit
497 3414 579 3478 quin,
593 3410 715 3468 nurhier
766 3412 964 3481 effuderat,
975 3412 1327 3479 vgl.8.13.23eiiimbrem.

157 3477 713 3544 lreiC„vereinzeltschonheiCic.u.Caes.
765 3481 937 3536 4.12.20cali
954 3482 1036 3535 inem.
1050 3480 1327 3537 Scironbiv.braucht

192 3554 216 3604 3.
229 3552 360 3614 itaque,
378 3546 411 3602 da
428 3548 484 3603 ihm
502 3546 551 3602 der
562 3546 714 3614 Vorschlag
767 3499 1125 3626 effandidhnliclr.-tnm
1136 3548 1326 3611 adstricta.

158 3614 332 3671 annehmlich
346 3614 479 3670 erselrien.
768 3630 822 3669 wre
834 3616 1139 3678 temaniuersae2.10‚
1154 3620 1213 3671 tam
1222 3617 1327 3683 adpra-

191 3681 715 3749 4.lapsuo=elaprac,s.llinl.§.18.
768 3682 1326 3749 vanteunten8nt=geradedamals.

158 3780 190 3789 -
209 3749 431 3814 turbaverat,
450 3750 530 3806 nami.
551 3749 715 3818 anianglich,
767 3777 801 3787 -
816 3749 998 3805 licentiam
1018 3749 1163 3816 faceret
1181 3773 1216 3793 =
1233 3750 1325 3815 daret,

192 3822 216 3873 5.
229 3821 240 3873 i
244 3820 278 3885 pi
283 3822 293 3872 t
298 3835 340 3873 ur
352 3816 410 3872 hez.
423 3817 481 3874 sich
494 3818 543 3874 aul
558 3819 597 3874 ad
607 3835 634 3874 u.
650 3833 717 3884 per·
767 3816 1193 3885 praeberetnaehnnalogicvon
1200 3821 1326 3884 potesta·

158 3889 240 3944 oenit.
264 3886 317 3941 ller
329 3883 580 3954 Subiehtswochsel
592 3887 629 3942 ist
645 3886 716 3941 hart.
768 3885 934 3948 temfacere.
946 3884 1006 3952 Vgl.
1020 3885 1111 3941 locam
1122 3885 1235 3952 facere,
1249 3889 1273 3942 1.
1284 3888 1309 3941 4.

157 3971 322 4022 -pazam
335 3952 716 4022 DieseErklarungwaroben
802 3955 825 4006 8.
839 3952 1032 4008 intentiore
1054 3968 1153 4019 cara,
1172 3953 1233 4010 eine
1251 3952 1326 4007 livia·

159 4025 211 4087 (12.
224 4024 267 4086 27)
280 4023 358 4077 mehr
370 4039 411 4078 am
424 4022 525 4079 Platze.
537 4049 571 4059 -—
583 4035 714 4085 reram,
768 4019 864 4076 nische
875 4019 991 4075 Formel.

158 4094 236 4145 8‚12.
802 4086 1325 4155 9.quissuboneribao;constru-

193 4163 215 4212 o.
256 4161 429 4223 raetores,
452 4158 631 4225 allgemoiner
648 4157 716 4212 Aus-
769 4157 822 4211 ire:
836 4157 1012 4217 omissioon„
1024 4155 1260 4222 sabqaiserant5
1272 4152 1325 4221 vgl.

159 4175 303 4280 drucliliir
316 4225 359 4280 die
373 4226 535 4306 Statthalter
548 4219 716 4291 (σατράπαι)
770 4224 833 4290 qaia
850 4239 876 4289 e,
893 4228 918 4278 6.
935 4227 959 4278 2.
977 4226 1017 4279 10.
1030 4258 1062 4267 -
1080 4239 1175 4279 arma
1187 4224 1325 4279 iactare

160 4292 215 4347 und
227 4293 527 4359 leldlierrnnapovu,
541 4294 665 4349 daces4.
677 4295 718 4347 14.
771 4295 811 4347 11.
825 4295 865 4347 12.
