2752 4776
172 259 234 322 110
616 257 646 311 c.
665 257 778 309 enarr
795 256 884 308 eurr

135 436 283 490 enatura.
328 427 373 490 Ob
400 428 478 488 hanc
500 443 617 488 causam
640 422 805 487 Alexander
828 426 974 497 omnium,
1009 443 1085 505 quae
1113 425 1190 505 apud
1220 423 1372 512 hostemfldd

169 519 360 592 gererentur,
384 513 504 590 ignarus
526 510 632 570 urbem
655 510 762 572 Gazam
786 507 949 571 obsidebat.
994 509 1135 570 Praeerat
1157 509 1226 570 urbi
1248 508 1336 580 Betis,

170 598 294 660 eximiae
315 597 345 656 in
369 612 470 674 regem
493 612 579 655 suum
602 592 682 663 fidei,
712 593 887 672 modicoque
915 593 1063 672 praesidio
1086 610 1188 655 muros
1210 595 1337 672 ingentis

135 683 270 761 80peris
291 679 440 741 tuebatur.
485 677 651 740 Alexander
678 679 830 739 aestimato
858 677 993 738 locorum
1021 679 1080 738 situ
1108 681 1154 756 agi
1185 678 1336 739 cuniculos

170 767 267 833 iussit,
292 763 369 826 facili
392 762 504 824 aeleri
526 763 616 823 humo
639 769 809 841 acceptante
831 760 980 823 occultum
1003 779 1091 839 opus,
1126 763 1237 842 quippe
1264 761 1336 823 mul-

170 857 229 910 tam
252 849 394 909 harenam
416 849 544 908 vicinum
574 863 656 906 mare
678 846 801 915 evomit,
835 863 891 906 nec
913 863 981 906 saxa
1006 854 1159 927 cotesque,
1194 864 1272 927 quae
1292 847 1335 907 in·

135 932 328 1012 eterpellent
354 949 475 1010 specus,
517 930 643 991 obstant.
694 930 787 1007 Igitur
815 928 853 989 ab
881 948 915 991 ea
943 938 1042 1009 parte,
1081 946 1170 1009 quam
1198 929 1336 1010 oppidani

170 1019 344 1097 conspicere
367 1034 427 1076 non
456 1021 592 1093 possent,
626 1032 702 1093 opus
730 1031 830 1083 orsae,
865 1020 898 1074 ut
924 1032 941 1073 a
970 1032 1061 1074 sensu
1090 1016 1153 1075 eius
1181 1021 1333 1083 averteret,

168 1110 269 1163 turres
291 1102 385 1161 muris
407 1099 558 1160 admoveri
579 1097 669 1158 iubet.
700 1097 759 1158 Sed
783 1096 886 1159 eadem
908 1097 1033 1168 humus,
1056 1096 1210 1160 movendis
1225 1097 1334 1160 inutilis

168 1186 316 1253 turribus,
347 1183 499 1244 desidente
521 1181 624 1242 sabulo
648 1181 806 1258 agilitatem
829 1190 963 1244 rotarum
986 1191 1100 1243 morata
1123 1180 1182 1262 [et]
1206 1181 1333 1245 tabulata
1368 1180 1372 1253 j

168 1270 295 1330 turrium
319 1266 537 1348 perfringebat,
575 1264 718 1343 multique
746 1264 975 1327 vulnerabantur
1003 1269 1128 1345 inpune,
1162 1266 1334 1330 cumidem
1368 1260 1372 1353 l

120 1364 152 1412 10
168 1350 348 1430 recipiendis
370 1352 420 1431 qui
443 1349 634 1411 admovendis
656 1349 787 1411 turribus
809 1349 893 1411 labor
915 1369 967 1410 ecs
989 1350 1134 1428 fatigaret.
1178 1350 1260 1429 Ergo
1287 1368 1332 1410 re·
1368 1356 1372 1431 l

170 1437 269 1515 ceptui
301 1437 386 1511 signo
420 1434 487 1495 dato
520 1441 639 1513 postero
673 1434 720 1494 die
752 1452 853 1495 muros
886 1452 997 1495 corona
1032 1434 1210 1495 circumdari
1243 1435 1330 1496 iussit
1366 1438 1372 1507 ,¹

171 1521 302 1597 Ortoque
325 1517 401 1592 sole,
426 1519 597 1598 priusquam
619 1518 790 1579 admoveret
811 1520 989 1588 exercitum,
1019 1536 1107 1596 opem
1129 1519 1218 1579 deum
1249 1536 1333 1596 expe·
1365 1514 1369 1537 ³

120 1616 151 1664 11
171 1621 258 1665 scens
285 1620 402 1664 sacrum
430 1604 526 1679 patrio
560 1620 645 1662 more
671 1601 806 1664 iaciebat.
858 1603 947 1664 Forte
980 1602 1203 1680 praetervolans
1232 1618 1333 1663 corvus
1354 1624 1364 1671 .··

170 1687 302 1766 glebam,
336 1704 424 1767 quam
453 1686 603 1763 unguibus
632 1685 762 1755 serebat,
796 1685 895 1747 subito
917 1688 1028 1748 amisit:
1063 1704 1231 1764 quaecum
1259 1687 1335 1763 regis
1358 1696 1372 1769 ’ἶ

170 1773 259 1849 capiti
281 1771 447 1841 incidisset,
470 1770 601 1831 resoluta
624 1770 760 1850 delinxit,
782 1772 846 1850 ipsa
869 1780 967 1833 autem
983 1773 1043 1832 aris
1058 1771 1088 1830 in
1104 1772 1240 1849 proxima
1254 1778 1333 1831 turre
1354 1768 1372 1827 :t

170 1856 313 1917 consedit.
358 1852 444 1915 lnlita
467 1861 531 1916 erat
552 1856 644 1917 turris
667 1853 812 1917 bitumine
834 1873 869 1915 ac
890 1854 1047 1933 sulphure,
1071 1857 1102 1914 in
1125 1873 1182 1934 qua
1197 1853 1253 1916 alis
1266 1854 1331 1916 hae·
1365 1864 1369 1871 '

170 1939 304 2000 rentibus
337 1938 448 2001 trustra
481 1958 513 2000 se
545 1938 682 1999 adlevare
715 1947 837 2000 conatus
872 1958 888 1999 a
916 1938 1177 2000 circumstantibus
1210 1940 1330 2020 capitur.
1369 1962 1372 2021 j

120 2036 151 2084 12
170 2024 264 2102 Digna
286 2043 336 2085 res
358 2026 435 2091 visa,
471 2022 507 2084 de
529 2041 587 2104 qua
616 2031 695 2084 rates
722 2023 904 2092 consuleret,
937 2032 970 2083 ut
992 2030 1057 2095 erat
1084 2041 1144 2103 non
1170 2024 1297 2084 intactae
1316 2040 1332 2081 a

171 2110 384 2187 superstitione
418 2109 534 2168 mentis.
585 2107 664 2185 Ergo
692 2106 877 2174 Aristander,
913 2109 961 2168 cui
989 2108 1117 2169 maxima
1145 2106 1219 2168 tides
1246 2107 1331 2168 babe-
1370 2172 1372 2179 ,

169 2192 272 2253 batur:
295 2191 380 2253 urbis
403 2191 522 2269 quidem
545 2191 693 2252 excidium
716 2193 839 2268 augurio
854 2190 906 2251 illo
926 2191 1077 2270 portendi,
1102 2200 1235 2252 ceterum
1257 2191 1332 2270 peri·
1368 2262 1372 2273 ἦ

170 2273 270 2335 culum
293 2292 374 2344 esse,
397 2292 435 2334 ne
456 2293 510 2335 rex
532 2273 639 2335 vulnus
661 2275 818 2352 acciperet.
862 2274 964 2354 ltaque
986 2277 1115 2345 monuit,
1144 2293 1183 2336 ne
1207 2275 1277 2353 quid
1299 2291 1331 2335 ec

119 2371 151 2418 13
170 2359 217 2418 die
239 2359 394 2436 inciperet.
439 2356 507 2427 llle,
536 2376 713 2437 quamquam
735 2376 824 2419 unam
851 2358 955 2420 urbem
980 2359 1054 2430 sibi,
1083 2377 1142 2440 quo
1169 2361 1269 2421 minus
1290 2377 1331 2421 se·

170 2460 260 2503 curus
282 2443 446 2522 Aegyptum
468 2442 607 2511 intraret,
637 2442 755 2502 obstare
783 2460 870 2520 aegre
892 2442 1021 2514 terebat,
1043 2452 1143 2504 tamen
1158 2445 1257 2523 paruit
1278 2441 1331 2504 rati

169 2528 345 2605 signumque
367 2526 500 2604 receptui
522 2525 613 2587 dedit.
657 2525 734 2587 Hinc
755 2528 870 2587 animus
886 2530 977 2587 erevit
997 2527 1142 2597 obsessis,
1165 2528 1330 2606 egressique
1364 2574 1367 2579 .

169 2618 255 2689 porta
276 2610 485 2672 recedentibus
507 2610 638 2671 inferunt
659 2611 743 2686 signa
771 2612 988 2672 cunctationem
1011 2611 1141 2673 hostium
1163 2629 1249 2672 suam
1270 2613 1329 2673 lore
1367 2664 1371 2683 ,

119 2699 152 2748 14
170 2697 354 2758 occasionem
376 2697 442 2757 rati.
488 2695 546 2756 Sed
570 2696 667 2757 acrius
695 2711 783 2772 quam
805 2697 988 2757 constantius
1014 2695 1161 2776 proelium
1189 2698 1330 2758 inierunt:
1365 2690 1372 2739 ⁵-

54 2846 64 2862 ,
169 2783 279 2859 qnippe
301 2788 334 2840 ut
355 2779 550 2841 Macedonum
573 2781 655 2858 signa
678 2780 839 2858 circumagi
860 2779 975 2849 ridere,
998 2790 1123 2858 repente
1145 2781 1254 2842 sistunt
1269 2776 1330 2859 gra·
1364 2798 1367 2833 :

170 2866 249 2923 dum.
294 2863 414 2941 lamque
437 2864 473 2924 ad
495 2882 597 2942 regem
619 2863 827 2943 proeliantium
851 2862 962 2925 clamor
984 2870 1177 2942 pervenerat,
1202 2882 1271 2926 cum
1286 2865 1330 2925 de·

169 2948 296 3006 nuntiati
319 2946 444 3026 periculi
466 2947 543 3007 haud
566 2965 637 3008 sane
660 2965 774 3008 memor
794 2981 837 2994 —
858 2947 981 3008 loricam
1004 2956 1119 3020 tamen,
1149 2967 1239 3028 quam
1268 2966 1330 3009 raro
1367 2966 1372 3017 j

168 3029 326 3099 induebat,
360 3032 462 3090 amicis
490 3030 642 3091 orantibus
669 3032 794 3109 sumpsit
823 3066 861 3076 —
890 3031 926 3091 ad
955 3034 1050 3110 prima
1080 3035 1162 3111 signa
1189 3034 1329 3111 pervenit

119 3116 152 3165 15
171 3113 236 3185 Quo
260 3123 419 3191 conspecto
434 3114 530 3174 Arabs
552 3114 687 3195 quidam,
711 3115 798 3176 Darei
813 3115 913 3189 miles,
938 3118 1033 3178 maius
1054 3117 1174 3178 fortuna
1190 3134 1243 3178 sua
1265 3117 1329 3178 laci·
1370 3116 1372 3121 '

169 3216 225 3258 nus
248 3214 350 3267 ausus,
384 3196 513 3276 gladium
543 3198 638 3277 clipeo
659 3205 777 3276 tegens,
812 3201 896 3278 quasi
922 3200 1074 3278 transfuga
1102 3200 1228 3279 genibus
1256 3201 1329 3279 regia

202 3385 226 3435 8.
240 3380 301 3436 loe·
321 3382 404 3443 situ,
422 3381 477 3435 wie
489 3385 513 3435 3.
525 3385 550 3436 4.
567 3385 606 3434 11.
621 3409 655 3418 -
666 3381 724 3448 fa-
776 3382 1329 3440 uminderNahederleindlichenllauem

167 3449 230 3504 cili
246 3447 346 3503 ‘leicbt
363 3464 398 3503 zu
414 3446 584 3508 hearbeiten,
608 3449 724 3510 weicb’;
777 3451 949 3517 angezimdet
962 3468 996 3506 zu
1008 3451 1130 3507 werden.

168 3520 296 3582 accept.
309 3516 634 3594 praecoepeenaoe.e.—
647 3531 725 3582 spe·
811 3538 851 3589 12.
872 3552 890 3588 a
907 3537 1165 3600 superstitione
1181 3552 1203 3591 s.
1220 3534 1289 3591 nint.
1305 3534 1329 3601 s.

168 3582 385 3644 eus=M1ne,
399 3582 469 3638 auch
482 3582 550 3638 Vltr·
564 3586 603 3638 10.
617 3587 656 3638 16·
775 3605 821 3663 2ος
840 3600 912 3656 ahnl.
926 3603 1027 3657 intacti
1038 3604 1175 3670 retipione
1187 3606 1278 3658 animi
1288 3600 1328 3657 bei

202 3652 225 3704 e.
244 3664 370 3704 sensus
393 3672 427 3692 =
451 3649 723 3716 ‘Beohachtunet
773 3667 829 3722 niv.
842 3696 876 3704 -
892 3669 1006 3732 Arist,
1020 3674 1043 3725 e.
1057 3675 1096 3726 14.
1125 3672 1263 3736 mamma,
1279 3670 1329 3723 mi-

167 3715 524 3780 Wieseml'r‘³=ffl⁰sk²¹¹2
534 3732 552 3783 g
558 3718 723 3773 ewahlssss·
775 3752 830 3792 nor
840 3735 888 3802 fid.
899 3736 1023 3792 babetur
1032 3738 1080 3792 hat
1092 3737 1120 3793 C.
1133 3737 1284 3803 mehrlaclr.

167 3784 849 3908 mrrlftgdassrldsyalrlnorletr'rbrge‘dllraellreK-rldec13·
862 3835 961 3875 mm
974 3837 995 3875 ⁸·
1008 3819 1078 3877 Einl‘
1092 3819 1117 3888 δ’
1131 3825 1163 3874 1⁰
1175 3820 1201 3878 b·

168 3921 381 3984 ...turi-eoos,
393 3917 651 3975 aoroausaezorae.
671 3923 723 3975 ati·
786 3907 850 3983 ,14·
862 3906 1133 3984 cum-aecvenit.
1147 3904 1187 3960 als
1202 3922 1232 3961 er
1244 3904 1333 3973 presz-

166 3994 248 4053 ΨΜ
261 3988 328 4043 0d9r
340 3987 430 4056 313th
442 3988 653 4054 inrecipgurrf
671 3996 723 4044 usp
774 3971 830 4026 lreb
846 3970 935 4050 selbst
952 3973 1086 4028 erschren.
1113 3973 1333 4039 lngemessener

201 4059 242 4109 10.
255 4056 559 4122 ortoquesole,4.a;
572 4071 723 4118 sacrum,
777 4039 914 4093 sssffihfflni
929 4038 1218 4107 saturigratas).

165 4125 188 4175 2.
201 4125 226 4176 4.
592 4184 595 4189 ,
810 4122 1056 4187 15.Αναὸε.,ὓαε
1069 4121 1210 4190 llolgende
1221 4124 1258 4180 ist
1270 4123 1332 4179 dem

201 4193 241 4242 11.
265 4203 400 4245 cervus.
436 4189 569 4246 Aelmlich
595 4189 722 4247 erzdlrlen
774 4187 1093 4267 Hegesiasnacherzahlt.
1105 4191 1331 4312 portunasua

167 4255 219 4310 den
232 4253 336 4310 Vorlall
348 4258 408 4312 Arr.
418 4274 445 4312 u.
457 4257 528 4312 Plut.
541 4285 574 4294 -
586 4273 652 4314 res.
665 4257 721 4312 de-
774 4257 876 4320 maius,
893 4264 943 4310 mit
960 4256 1051 4325 Bezug
1069 4274 1103 4313 au
1132 4258 1214 4315 miles
1225 4281 1258 4302 =
1271 4264 1333 4325 ‘ge-

165 4322 292 4389 fluxit,
306 4324 542 4391 poet.Wendung.
555 4353 589 4362 —
600 4328 612 4378 i
617 4325 668 4379 nli
673 4329 720 4389 te,
771 4323 876 4378 meiner
888 4321 1002 4379 Scldat’.
