2752 4776
345 272 602 325 HISTORIARUM
619 272 836 326 snexsrtmtl
853 274 904 337 ΠΙ,
923 274 948 327 8.
1193 273 1235 338 73

58 444 234 525 priusquam
256 442 285 504 ei
307 442 497 513 redderetur,
520 443 551 502 iu
574 460 679 504 manus
707 441 867 504 Alexandri
894 451 1089 522 prevenerat,
1114 442 1235 505 lectam-

59 546 114 608 que
146 545 216 589 eam
240 526 290 606 (et)
317 527 411 605 ignoti
439 525 520 588 anuli
546 526 643 605 sigillo
672 528 810 607 inpresso
834 527 929 588 Siseni
951 527 1016 588 dari
1042 529 1171 590 iusserat
1197 530 1235 589 ad

58 610 271 674 aestimandam
293 611 381 672 ildern
405 611 535 673 barbari.
581 611 637 682 Qui
659 613 728 691 qula
752 629 807 690 por
829 611 988 691 conplures
1011 612 1074 673 dies
1089 630 1148 673 non
1172 612 1234 674 adl·
1253 613 1286 663 15

58 703 121 757 erat
141 711 265 774 regem,
299 694 426 758 scelesto
448 695 572 757 consilio
594 713 660 756 eam
682 698 762 757 visus
795 702 841 757 est
861 697 1062 776 suppressisse
1085 705 1115 759 et
1137 698 1166 757 in
1183 712 1234 774 ag·

58 781 137 842 mine
159 800 178 843 a
199 779 394 842 Cretensibus
416 780 496 841 baud
519 778 609 841 dubie
631 781 714 842 iussu
735 782 816 857 regis
839 781 964 842 occisus.
1255 777 1259 781 ’

557 966 634 1027 Cur.
659 964 734 1027 vill.

14 1080 49 1145 19
144 1085 270 1164 lamque
298 1084 404 1147 Graeci
431 1081 555 1153 milites,
584 1101 659 1163 quos
687 1081 855 1162 Thymodes
882 1102 899 1145 a
927 1083 1119 1147 Pharnabazo
1148 1103 1266 1150 acce-1

56 1176 158 1249 perat,
179 1168 343 1249 praecipua
364 1187 433 1248 spes
456 1176 486 1229 et
506 1166 724 1247 propemodum
748 1170 849 1236 unica,
873 1169 910 1230 ad
933 1168 1061 1231 Dareum
1083 1187 1229 1248 perreue-

56 1260 134 1315 rant.
180 1253 219 1317 fli
241 1269 422 1333 magnopere
450 1251 629 1323 suadebant,
659 1259 692 1313 ut
712 1259 795 1315 retro
817 1252 916 1315 abiret
938 1255 1143 1334 spatiososque
1170 1255 1266 1318 lle-2

57 1338 243 1417 sopotamiae
272 1355 391 1417 campos
418 1343 583 1416 repeteret:
617 1338 643 1398 si
671 1336 701 1397 id
735 1336 892 1399 consilium
919 1337 1089 1407 damnaret,
1124 1347 1153 1399 at
1181 1337 1231 1401 ille

56 1423 204 1489 diuideret
225 1419 330 1485 saltem
353 1422 454 1501 copias
475 1418 710 1483 innumerabiles
733 1438 792 1482 neu
806 1420 862 1483 sub
877 1438 969 1484 unurn
985 1423 1123 1484 fortunae
1139 1425 1230 1484 ictum

56 1514 135 1568 totas
156 1507 237 1573 vires
258 1505 344 1585 regni
366 1505 473 1569 cadere
495 1511 656 1584 pateretur.
700 1503 797 1567 hlinus
826 1506 884 1567 hoc
911 1508 976 1585 regi
1004 1525 1092 1587 quam
1119 1524 1266 1586 perpe-3

55 1590 131 1657 ratis
154 1592 218 1653 eius
240 1588 430 1670 displicebat:
459 1591 621 1669 ancipitem
643 1588 731 1651 iidem
755 1598 784 1652 et
806 1588 945 1655 mercede
973 1591 1105 1653 venalem
1128 1592 1230 1671 prodi·

56 1676 133 1739 tioui
154 1675 314 1739 imminere
343 1681 373 1735 et
401 1673 492 1736 dividi
519 1691 581 1735 non
604 1672 643 1737 ob
665 1672 745 1735 aliud
768 1676 871 1754 copias
893 1674 983 1745 velle,
1008 1695 1097 1756 quam
1121 1684 1154 1739 ut
1174 1678 1231 1754 ipsi

54 1761 87 1820 iu
110 1757 228 1823 diversa
250 1760 391 1838 digressi,
414 1760 440 1819 si
463 1758 533 1839 quid
557 1759 748 1821 commissum
764 1768 856 1830 esset,
880 1759 1033 1823 traderent
1047 1759 1228 1823 Alexandro:

53 1842 134 1906 nihil
153 1845 245 1909 tulius
265 1844 345 1914 iore,
378 1861 465 1924 quam
489 1841 688 1907 circumdatos
712 1860 763 1905 eos
785 1845 917 1906 exercitu
944 1851 1006 1905 toto
1033 1844 1119 1906 obrui
1149 1845 1228 1915 telis,
1247 1860 1265 1908 4

54 1928 270 1997 documentum
298 1945 359 1990 non
390 1927 503 1990 inultae
539 1926 681 2007 perfidiae
714 1927 841 1991 futuros.
886 1930 922 1989 At
944 1927 1072 1998 Dareus,
1107 1937 1140 1989 ut
1167 1939 1265 1999 erat5

55 2018 182 2077 sanem
202 2030 238 2075 ac
258 2013 354 2083 mitis,
385 2030 418 2073 se
439 2030 510 2073 vero
532 2018 648 2072 tanturn
669 2009 786 2073 facinus
808 2020 898 2089 negat
919 2029 984 2074 esse
1006 2013 1169 2082 iacturum,
1199 2024 1231 2075 ut

55 2114 143 2161 suam
165 2103 285 2163 secutos
306 2096 409 2166 fidem,
438 2113 509 2158 suos
537 2097 646 2157 milites
673 2095 774 2157 iubeat
801 2096 954 2157 trucidari.
1001 2096 1095 2167 Quem
1122 2096 1230 2158 deinde

56 2179 187 2261 amplius
207 2182 361 2244 nationum
385 2186 556 2242 exterarum
578 2178 702 2243 salutern
726 2198 809 2241 suam
833 2180 1015 2242 crediturum
1037 2180 1109 2252 sibi,
1140 2183 1165 2242 si
1188 2189 1231 2243 tot

57 2264 186 2333 mium
215 2267 361 2345 sanguine
388 2265 536 2327 inbuisset
562 2266 686 2325 manus?
720 2264 875 2326 Neminem
905 2265 1047 2327 stolidum
1075 2265 1265 2328 consiliumb

57 2351 156 2430 capilo
179 2350 264 2412 luere
290 2350 417 2412 debere:
453 2349 607 2411 defuturos
634 2351 728 2419 enim,
758 2352 808 2427 qui
835 2350 1011 2419 suaderent,
1047 2352 1072 2411 si
1100 2353 1230 2413 suasisse

55 2433 263 2514 periculosum
285 2442 373 2496 esset.
419 2433 552 2513 Denique
573 2434 655 2512 ipsos
677 2433 785 2495 cotidie
807 2455 823 2496 a
846 2453 879 2495 se
907 2433 1043 2497 advocari
1072 2437 1104 2496 in
1132 2438 1229 2497 consi·

55 2520 132 2587 lium
155 2518 309 2597 variasque
331 2519 494 2581 sententias
517 2516 631 2588 dicere,
661 2535 717 2579 nec
739 2525 840 2581 tamen
868 2517 1000 2579 melioris
1023 2518 1092 2579 fidei
1114 2519 1227 2588 haberi.

55 2604 110 2681 qui
131 2603 308 2683 prudentius
330 2604 468 2665 suaserit.
497 2602 599 2681 ltaque
621 2602 743 2664 Graecis
766 2605 905 2664 nuntiare
928 2602 1025 2671 iubet,
1048 2604 1146 2680 ipsum
1162 2606 1263 2680 qui-r

54 2686 126 2749 dem
155 2684 372 2749 benivolentiae
405 2686 525 2747 illorum
558 2687 668 2763 gratias
695 2703 798 2764 agere,
834 2695 981 2761 ceterum,
1016 2687 1041 2745 si
1075 2693 1156 2747 retro
1184 2689 1229 2747 ire

51 2778 177 2852 pergat,
202 2771 281 2832 haud
304 2770 392 2833 dubie
415 2788 540 2849 regnum
562 2769 698 2831 hostibus
720 2769 909 2830 traditurum.
952 2771 1041 2830 Fama
1057 2768 1134 2832 heila
1150 2778 1228 2832 stare

53 2862 86 2918 et
110 2874 194 2925 eum,
218 2857 270 2935 qui
292 2855 426 2926 recedat,
450 2855 553 2933 lugere
576 2854 667 2915 credi.
712 2853 865 2915 Trahendi
886 2872 956 2914 vero
980 2852 1048 2915 belli
1071 2855 1117 2914 vix
1138 2855 1228 2916 ullam

52 2958 123 3001 esse
146 2941 304 3003 rationem.
348 2939 461 3000 Tantae
489 2940 569 3000 enim
596 2937 793 3008 multitudini,
822 2938 924 3018 utique
952 2957 1021 3000 eum
1048 2940 1105 2999 iarn
1134 2940 1264 3002 hiemsS

51 3028 196 3099 instaret,
219 3025 252 3085 iu
273 3024 397 3103 regione
419 3030 500 3087 uasta
523 3030 552 3084 et
572 3023 700 3083 invicem
723 3040 739 3084 a
762 3024 825 3084 suis
840 3031 928 3102 atque
943 3023 1029 3086 hoste
1044 3031 1146 3085 vexata
1168 3043 1228 3086 non

51 3109 218 3171 suffectura
242 3105 389 3170 alimenta.
435 3108 478 3169 Ne
501 3106 590 3168 dividi
612 3106 733 3185 quidem
755 3108 855 3186 copias
882 3124 971 3186 posse
999 3117 1116 3170 servato
1143 3128 1262 3177 mereo

51 3194 219 3263 malorum,
249 3193 301 3272 qui
324 3194 477 3254 universas
498 3194 577 3253 vires
600 3190 765 3253 discrimini
787 3191 935 3253 bellorum
966 3210 1085 3272 semper
1114 3192 1228 3255 obtule-

87 3330 131 3384 15.
140 3326 176 3381 in
187 3323 616 3395 nomine=auldemllarscbe
668 3323 855 3390 quamshinl.
864 3325 891 3391 S.
899 3328 964 3389 ¹503
974 3327 1135 3388 indiverso,
1146 3325 1228 3381 eben·

668 3389 897 3515 datssss‘grca‘ctos
921 3476 961 3515 oc
986 3477 1035 3524 nr„
1055 3460 1107 3527 vgl.
1134 3465 1158 3517 2.
1182 3465 1226 3522 17:

253 3510 320 3562 Off·
339 3513 414 3566 Vffl·
668 3527 794 3583 deinde
818 3528 966 3595 amplius
994 3551 1027 3570 =
1056 3528 1084 3582 in
1108 3527 1228 3584 Zulsunlt

89 3616 113 3668 1,
129 3610 337 3679 Thymodes,
352 3629 374 3666 s,
386 3616 410 3667 3.
425 3615 448 3666 1,
669 3594 751 3656 noch,
763 3594 1059 3661 vetmocderenid,
1072 3594 1142 3651 Einl.
1153 3595 1228 3665 §.22

86 3708 112 3761 s.
125 3704 163 3759 tn·
173 3731 207 3743 -
219 3704 428 3761 suadebant.
440 3703 616 3761 Naclrhrrian
669 3666 730 3784 332]
740 3678 784 3717 Μ
793 3665 911 3719 'mm
930 3663 954 3730 f·
971 3666 1109 3726 ''unum‘’
1121 3663 1191 3719 Einl'
1201 3664 1228 3729 3·

56 3771 113 3827 that
131 3771 191 3827 dies
212 3770 262 3827 dor
282 3769 461 3827 Uebertitnier
484 3773 616 3838 Amyntas
703 3801 727 3853 7·
738 3797 874 3918 guidem
889 3796 948 3853 bez·
965 3798 1023 3853 sich
1035 3796 1084 3853 auf
1095 3797 1146 3852 den
1160 3812 1227 3863 gan.

57 3836 617 3973 lenteaestetensis
669 3862 1040 3994 resistitisne
1053 3869 1228 3986 utet-tt}

59 3977 123 4027 τ’·
134 3989 175 4029 ⁰⁰
204 3988 263 4030 Μ
275 3973 338 4031 ⁸²⁴⁶
350 3974 466 4036 mum·
479 3972 533 4041 Vssl·
543 3975 617 4030 '⁹⁶‘st
670 3999 720 4054 her
732 3998 829 4054 immer
845 4014 898 4053 nur
913 4014 964 4053 vor
980 3997 1054 4053 Alex.
1075 3996 1227 4066 zurichge-

60 4041 230 4099 ffllssmfm
242 4041 618 4099 ⁰·⁸²‘baurf“mm⁶”³²⁴ram
670 4065 779 4120 wiehen
788 4080 895 4129 waren3
908 4080 1057 4133 regnum,
1069 4064 1226 4122 ribersetae:

61 4108 163 4165 cadere
174 4105 220 4166 ¹³⁰¹
232 4106 336 4167 cmm·
671 4130 855 4187 ‘schliesslich
871 4132 930 4188 sein
951 4147 1051 4198 ganzes
1068 4132 1172 4190 Reicb'.
1193 4161 1227 4171 -

91 4204 115 4255 o.
127 4200 332 4267 proditioni.
349 4198 457 4256 Ebenso
470 4202 617 4256 imminere
670 4205 768 4256 stare
784 4214 818 4254 re
835 4199 931 4268 aliem
947 4223 981 4244 =
998 4203 1059 4266 niti,
1077 4203 1226 4266 sustiueri,

65 4269 104 4322 rei
117 4289 154 4313 =
169 4266 218 4322 aul
232 4267 273 4323 sie
284 4266 381 4323 leuem
396 4271 422 4323 4.
437 4270 459 4323 1.
473 4272 518 4331 ts;
535 4270 559 4323 b.
578 4272 616 4323 11.
670 4267 757 4323 sebon
769 4265 844 4324 Caes.
856 4266 1018 4336 b.,c.3.14.3.
1040 4268 1149 4326 Ebenso
1159 4285 1227 4325 con-

64 4334 115 4390 10.
128 4338 154 4390 ὅ.
166 4362 201 4372 -
213 4350 278 4391 non
290 4335 329 4393 oh
341 4335 449 4400 aliud,
460 4334 532 4391 ohne
541 4337 617 4402 quic·
669 4341 749 4392 stare
761 4338 784 4392 8.
797 4338 821 4391 8.
835 4338 875 4392 15.
