<?xml version="1.0" encoding="UTF-8"?>
<!DOCTYPE html PUBLIC "-//W3C//DTD XHTML 1.0 Transitional//EN"
    "http://www.w3.org/TR/xhtml1/DTD/xhtml1-transitional.dtd">
<html xmlns="http://www.w3.org/1999/xhtml" xml:lang="en" lang="en">
 <head>
  <title>
</title>
<meta http-equiv="Content-Type" content="text/html;charset=utf-8" />
  <meta name='ocr-system' content='tesseract 3.04.00' />
  <meta name='ocr-capabilities' content='ocr_page ocr_carea ocr_par ocr_line ocrx_word'/>
</head>
<body>
  <div class='ocr_page' id='page_1' title='image "./qcurtirufihisto00rufugoog_0267.png"; bbox 0 0 2752 4776; ppageno 0'>
   <div class='ocr_carea' id='block_1_1' title="bbox 146 237 864 309">
    <p class='ocr_par' dir='ltr' id='par_1_1' title="bbox 146 237 864 309">
     <span class='ocr_line' id='line_1_1' title="bbox 146 237 864 309; baseline -0.006 -8"><span class='ocrx_word' id='word_1_1' title='bbox 146 237 191 304; x_wconf 77' lang='lat'><strong>50</strong></span> <span class='ocrx_word' id='word_1_2' title='bbox 601 251 634 309; x_wconf 83' lang='lat' dir='ltr'><strong>o.</strong></span> <span class='ocrx_word' id='word_1_3' title='bbox 657 250 760 298; x_wconf 84' lang='lat' dir='ltr'><strong>cunm</strong></span> <span class='ocrx_word' id='word_1_4' title='bbox 782 251 864 298; x_wconf 75' lang='lat' dir='ltr'><strong>nuri</strong></span> 
     </span>
    </p>
   </div>
   <div class='ocr_carea' id='block_1_2' title="bbox 95 404 1333 2166">
    <p class='ocr_par' dir='ltr' id='par_1_2' title="bbox 95 404 1333 2166">
     <span class='ocr_line' id='line_1_2' title="bbox 113 404 1298 484; baseline -0.001 -16"><span class='ocrx_word' id='word_1_5' title='bbox 113 405 257 475; x_wconf 71' lang='lat' dir='ltr'><strong>emallot.</strong></span> <span class='ocrx_word' id='word_1_6' title='bbox 303 406 413 465; x_wconf 88' lang='lat' dir='ltr'><strong>llorum</strong></span> <span class='ocrx_word' id='word_1_7' title='bbox 448 408 586 484; x_wconf 84' lang='lat' dir='ltr'><strong>cogitatio</strong></span> <span class='ocrx_word' id='word_1_8' title='bbox 619 405 736 465; x_wconf 81' lang='lat' dir='ltr'>subibat</span> <span class='ocrx_word' id='word_1_9' title='bbox 771 407 935 466; x_wconf 88' lang='lat' dir='ltr'><strong>exercitum</strong></span> <span class='ocrx_word' id='word_1_10' title='bbox 977 404 1195 483; x_wconf 75' lang='lat' dir='ltr'><strong>seditiosaeque</strong></span> <span class='ocrx_word' id='word_1_11' title='bbox 1224 422 1298 467; x_wconf 83' lang='lat' dir='ltr'><strong>rorte</strong></span> 
     </span>
     <span class='ocr_line' id='line_1_3' title="bbox 147 490 1333 568; baseline 0 -17"><span class='ocrx_word' id='word_1_12' title='bbox 147 490 356 551; x_wconf 77' lang='lat' dir='ltr'><strong>referebantur</strong></span> <span class='ocrx_word' id='word_1_13' title='bbox 378 490 413 549; x_wconf 93' lang='lat' dir='ltr'><strong>ad</strong></span> <span class='ocrx_word' id='word_1_14' title='bbox 436 507 546 567; x_wconf 82' lang='lat' dir='ltr'><strong>regem.</strong></span> <span class='ocrx_word' id='word_1_15' title='bbox 593 490 664 560; x_wconf 90' lang='lat' dir='ltr'><strong>Ouis</strong></span> <span class='ocrx_word' id='word_1_16' title='bbox 687 490 735 549; x_wconf 90' lang='lat' dir='ltr'><strong>illc</strong></span> <span class='ocrx_word' id='word_1_17' title='bbox 763 490 840 550; x_wconf 83' lang='lat' dir='ltr'><strong>lraud</strong></span> <span class='ocrx_word' id='word_1_18' title='bbox 871 508 942 551; x_wconf 91' lang='lat' dir='ltr'><strong>sane</strong></span> <span class='ocrx_word' id='word_1_19' title='bbox 970 496 1069 550; x_wconf 90' lang='lat' dir='ltr'><strong>motus</strong></span> <span class='ocrx_word' id='word_1_20' title='bbox 1092 490 1223 568; x_wconf 86' lang='lat' dir='ltr'><strong>satisque</strong></span> <span class='ocrx_word' id='word_1_21' title='bbox 1241 506 1295 567; x_wconf 89' lang='lat' dir='ltr'><strong>pru·</strong></span> <span class='ocrx_word' id='word_1_22' title='bbox 1330 516 1333 551; x_wconf 76' lang='grc' dir='ltr'><strong>ε</strong></span> 
     </span>
     <span class='ocr_line' id='line_1_4' title="bbox 148 571 1298 651; baseline -0.002 -16"><span class='ocrx_word' id='word_1_23' title='bbox 148 577 230 643; x_wconf 86' lang='lat' dir='ltr'><strong>dens,</strong></span> <span class='ocrx_word' id='word_1_24' title='bbox 255 576 306 634; x_wconf 93' lang='lat' dir='ltr'><strong>otii</strong></span> <span class='ocrx_word' id='word_1_25' title='bbox 330 576 396 634; x_wconf 91' lang='lat' dir='ltr'><strong>ritia</strong></span> <span class='ocrx_word' id='word_1_26' title='bbox 418 577 537 651; x_wconf 83' lang='lat' dir='ltr'><strong>negotio</strong></span> <span class='ocrx_word' id='word_1_27' title='bbox 560 575 673 641; x_wconf 93' lang='lat' dir='ltr'><strong>discuti,</strong></span> <span class='ocrx_word' id='word_1_28' title='bbox 699 574 795 643; x_wconf 90' lang='lat' dir='ltr'><strong>edicit,</strong></span> <span class='ocrx_word' id='word_1_29' title='bbox 819 581 850 633; x_wconf 92' lang='lat' dir='ltr'><strong>nt</strong></span> <span class='ocrx_word' id='word_1_30' title='bbox 872 592 976 634; x_wconf 91' lang='lat' dir='ltr'><strong>omnes</strong></span> <span class='ocrx_word' id='word_1_31' title='bbox 997 575 1027 633; x_wconf 91' lang='lat' dir='ltr'><strong>in</strong></span> <span class='ocrx_word' id='word_1_32' title='bbox 1050 571 1197 634; x_wconf 87' lang='lat' dir='ltr'><strong>vestibulo</strong></span> <span class='ocrx_word' id='word_1_33' title='bbox 1216 573 1298 651; x_wconf 74' lang='lat' dir='ltr'><strong>regiae</strong></span> 
     </span>
     <span class='ocr_line' id='line_1_5' title="bbox 115 657 1305 739; baseline -0.003 -19"><span class='ocrx_word' id='word_1_34' title='bbox 115 669 267 739; x_wconf 72' lang='lat' dir='ltr'><strong>epraesto</strong></span> <span class='ocrx_word' id='word_1_35' title='bbox 291 660 357 719; x_wconf 91' lang='lat' dir='ltr'><strong>sint.</strong></span> <span class='ocrx_word' id='word_1_36' title='bbox 403 658 482 729; x_wconf 82' lang='lat' dir='ltr'><strong>Quos</strong></span> <span class='ocrx_word' id='word_1_37' title='bbox 505 658 556 718; x_wconf 81' lang='lat' dir='ltr'><strong>nid</strong></span> <span class='ocrx_word' id='word_1_38' title='bbox 578 660 751 737; x_wconf 82' lang='lat' dir='ltr'><strong>frequentes</strong></span> <span class='ocrx_word' id='word_1_39' title='bbox 780 657 884 719; x_wconf 79' lang='lat' dir='ltr'><strong>adesse</strong></span> <span class='ocrx_word' id='word_1_40' title='bbox 908 658 1059 736; x_wconf 80' lang='lat' dir='ltr'><strong>cognorit,</strong></span> <span class='ocrx_word' id='word_1_41' title='bbox 1089 659 1121 717; x_wconf 95' lang='lat' dir='ltr'><strong>in</strong></span> <span class='ocrx_word' id='word_1_42' title='bbox 1145 658 1305 719; x_wconf 77' lang='lat' dir='ltr'><strong>contionem·</strong></span> 
     </span>
     <span class='ocr_line' id='line_1_6' title="bbox 146 741 1304 826; baseline -0.001 -24"><span class='ocrx_word' id='word_1_43' title='bbox 146 744 301 826; x_wconf 89' lang='lat' dir='ltr'><strong>processit.</strong></span> <span class='ocrx_word' id='word_1_44' title='bbox 346 742 430 803; x_wconf 82' lang='lat' dir='ltr'>Haud</span> <span class='ocrx_word' id='word_1_45' title='bbox 455 743 544 803; x_wconf 87' lang='lat' dir='ltr'><strong>dubio</strong></span> <span class='ocrx_word' id='word_1_46' title='bbox 568 761 602 802; x_wconf 86' lang='lat' dir='ltr'><strong>ex</strong></span> <span class='ocrx_word' id='word_1_47' title='bbox 627 745 780 822; x_wconf 88' lang='lat' dir='ltr'><strong>conposito</strong></span> <span class='ocrx_word' id='word_1_48' title='bbox 803 743 955 804; x_wconf 90' lang='lat' dir='ltr'><strong>Atharrias</strong></span> <span class='ocrx_word' id='word_1_49' title='bbox 977 741 1132 821; x_wconf 88' lang='lat' dir='ltr'><strong>postulare</strong></span> <span class='ocrx_word' id='word_1_50' title='bbox 1155 742 1258 819; x_wconf 89' lang='lat' dir='ltr'><strong>coepit,</strong></span> <span class='ocrx_word' id='word_1_51' title='bbox 1276 748 1304 801; x_wconf 92' lang='lat' dir='ltr'><strong>ut</strong></span> 
     </span>
     <span class='ocr_line' id='line_1_7' title="bbox 146 824 1333 907; baseline -0.003 -20"><span class='ocrx_word' id='word_1_52' title='bbox 146 828 308 907; x_wconf 76' lang='lat' dir='ltr'><strong>Lyncestes</strong></span> <span class='ocrx_word' id='word_1_53' title='bbox 323 827 503 895; x_wconf 78' lang='lat' dir='ltr'><strong>Alexander,</strong></span> <span class='ocrx_word' id='word_1_54' title='bbox 528 829 577 904; x_wconf 86' lang='lat' dir='ltr'><strong>qui</strong></span> <span class='ocrx_word' id='word_1_55' title='bbox 594 826 687 887; x_wconf 90' lang='lat' dir='ltr'><strong>multo</strong></span> <span class='ocrx_word' id='word_1_56' title='bbox 711 833 778 887; x_wconf 92' lang='lat' dir='ltr'><strong>ante</strong></span> <span class='ocrx_word' id='word_1_57' title='bbox 802 844 888 903; x_wconf 89' lang='lat' dir='ltr'><strong>quam</strong></span> <span class='ocrx_word' id='word_1_58' title='bbox 904 826 1036 887; x_wconf 92' lang='lat' dir='ltr'><strong>Philotas</strong></span> <span class='ocrx_word' id='word_1_59' title='bbox 1060 843 1163 903; x_wconf 82' lang='lat' dir='ltr'><strong>regern</strong></span> <span class='ocrx_word' id='word_1_60' title='bbox 1179 824 1300 885; x_wconf 82' lang='lat' dir='ltr'><strong>voluisset</strong></span> <span class='ocrx_word' id='word_1_61' title='bbox 1331 852 1333 857; x_wconf 95' lang='lat'>·</span> 
     </span>
     <span class='ocr_line' id='line_1_8' title="bbox 113 908 1299 987; baseline -0.002 -16"><span class='ocrx_word' id='word_1_62' title='bbox 113 911 298 981; x_wconf 73' lang='lat' dir='ltr'><strong>coccidcre,</strong></span> <span class='ocrx_word' id='word_1_63' title='bbox 329 910 529 971; x_wconf 71' lang='lat' dir='ltr'><strong>exhiberetur.</strong></span> <span class='ocrx_word' id='word_1_64' title='bbox 575 912 595 969; x_wconf 93' lang='lat' dir='ltr'><strong>A</strong></span> <span class='ocrx_word' id='word_1_65' title='bbox 627 910 742 971; x_wconf 77' lang='lat' dir='ltr'><strong>‹ltrolrus</strong></span> <span class='ocrx_word' id='word_1_66' title='bbox 771 911 932 980; x_wconf 89' lang='lat' dir='ltr'><strong>indicibus,</strong></span> <span class='ocrx_word' id='word_1_67' title='bbox 962 913 1038 970; x_wconf 88' lang='lat' dir='ltr'><strong>sicut</strong></span> <span class='ocrx_word' id='word_1_68' title='bbox 1065 908 1299 987; x_wconf 87' lang='lat' dir='ltr'><strong>supradiximus,</strong></span> 
     </span>
     <span class='ocr_line' id='line_1_9' title="bbox 147 992 1298 1060; baseline -0.003 -5"><span class='ocrx_word' id='word_1_69' title='bbox 147 996 261 1057; x_wconf 93' lang='lat' dir='ltr'><strong>delatus</strong></span> <span class='ocrx_word' id='word_1_70' title='bbox 282 998 403 1055; x_wconf 89' lang='lat' dir='ltr'><strong>tertium</strong></span> <span class='ocrx_word' id='word_1_71' title='bbox 428 999 486 1055; x_wconf 94' lang='lat' dir='ltr'><strong>iam</strong></span> <span class='ocrx_word' id='word_1_72' title='bbox 510 1013 620 1055; x_wconf 91' lang='lat' dir='ltr'><strong>annom</strong></span> <span class='ocrx_word' id='word_1_73' title='bbox 644 994 866 1055; x_wconf 76' lang='lat' dir='ltr'><strong>custodiebatur</strong></span> <span class='ocrx_word' id='word_1_74' title='bbox 894 997 926 1055; x_wconf 93' lang='lat' dir='ltr'><strong>in</strong></span> <span class='ocrx_word' id='word_1_75' title='bbox 948 993 1083 1060; x_wconf 82' lang='lat' dir='ltr'><strong>vinculis,</strong></span> <span class='ocrx_word' id='word_1_76' title='bbox 1130 992 1261 1054; x_wconf 85' lang='lat' dir='ltr'><strong>Eundem</strong></span> <span class='ocrx_word' id='word_1_77' title='bbox 1276 994 1298 1052; x_wconf 89' lang='lat' dir='ltr'><strong>io</strong></span> 
     </span>
     <span class='ocr_line' id='line_1_10' title="bbox 147 1076 1299 1159; baseline -0.003 -20"><span class='ocrx_word' id='word_1_78' title='bbox 147 1080 276 1159; x_wconf 85' lang='lat' dir='ltr'><strong>Philippi</strong></span> <span class='ocrx_word' id='word_1_79' title='bbox 298 1098 412 1158; x_wconf 78' lang='lat' dir='ltr'><strong>quocpxe</strong></span> <span class='ocrx_word' id='word_1_80' title='bbox 436 1079 556 1139; x_wconf 89' lang='lat' dir='ltr'><strong>caedem</strong></span> <span class='ocrx_word' id='word_1_81' title='bbox 580 1083 751 1139; x_wconf 86' lang='lat' dir='ltr'><strong>coniurasse</strong></span> <span class='ocrx_word' id='word_1_82' title='bbox 774 1098 841 1139; x_wconf 92' lang='lat' dir='ltr'><strong>curn</strong></span> <span class='ocrx_word' id='word_1_83' title='bbox 857 1079 1000 1138; x_wconf 80' lang='lat' dir='ltr'><strong>Pausania</strong></span> <span class='ocrx_word' id='word_1_84' title='bbox 1016 1097 1072 1159; x_wconf 92' lang='lat' dir='ltr'><strong>pro</strong></span> <span class='ocrx_word' id='word_1_85' title='bbox 1087 1084 1234 1157; x_wconf 90' lang='lat' dir='ltr'><strong>conperto</strong></span> <span class='ocrx_word' id='word_1_86' title='bbox 1252 1076 1299 1145; x_wconf 87' lang='lat' dir='ltr'><strong>tuit,</strong></span> 
     </span>
     <span class='ocr_line' id='line_1_11' title="bbox 146 1160 1300 1241; baseline -0.001 -18"><span class='ocrx_word' id='word_1_87' title='bbox 146 1165 198 1225; x_wconf 87' lang='lat' dir='ltr'><strong>sed</strong></span> <span class='ocrx_word' id='word_1_88' title='bbox 228 1166 294 1240; x_wconf 89' lang='lat' dir='ltr'><strong>quia</strong></span> <span class='ocrx_word' id='word_1_89' title='bbox 322 1166 437 1241; x_wconf 85' lang='lat' dir='ltr'><strong>primus</strong></span> <span class='ocrx_word' id='word_1_90' title='bbox 464 1161 663 1224; x_wconf 83' lang='lat' dir='ltr'><strong>Alexandrum</strong></span> <span class='ocrx_word' id='word_1_91' title='bbox 691 1180 792 1240; x_wconf 85' lang='lat' dir='ltr'><strong>rogem</strong></span> <span class='ocrx_word' id='word_1_92' title='bbox 821 1162 1014 1230; x_wconf 85' lang='lat' dir='ltr'><strong>salutaverat,</strong></span> <span class='ocrx_word' id='word_1_93' title='bbox 1048 1160 1198 1241; x_wconf 91' lang='lat' dir='ltr'><strong>supplicio</strong></span> <span class='ocrx_word' id='word_1_94' title='bbox 1225 1162 1300 1239; x_wconf 74' lang='lat' dir='ltr'><strong>magis</strong></span> 
     </span>
     <span class='ocr_line' id='line_1_12' title="bbox 113 1246 1300 1328; baseline -0.002 -21"><span class='ocrx_word' id='word_1_95' title='bbox 113 1260 234 1327; x_wconf 71' lang='lat' dir='ltr'><strong>equam</strong></span> <span class='ocrx_word' id='word_1_96' title='bbox 258 1248 376 1307; x_wconf 89' lang='lat' dir='ltr'><strong>crimini</strong></span> <span class='ocrx_word' id='word_1_97' title='bbox 405 1248 502 1306; x_wconf 87' lang='lat' dir='ltr'><strong>iuerat</strong></span> <span class='ocrx_word' id='word_1_98' title='bbox 524 1255 691 1328; x_wconf 89' lang='lat' dir='ltr'><strong>exemptus:</strong></span> <span class='ocrx_word' id='word_1_99' title='bbox 721 1256 782 1307; x_wconf 92' lang='lat' dir='ltr'><strong>tum</strong></span> <span class='ocrx_word' id='word_1_100' title='bbox 812 1264 930 1326; x_wconf 82' lang='lat' dir='ltr'><strong>thoque</strong></span> <span class='ocrx_word' id='word_1_101' title='bbox 959 1249 1106 1326; x_wconf 89' lang='lat' dir='ltr'><strong>Antipatri</strong></span> <span class='ocrx_word' id='word_1_102' title='bbox 1136 1247 1233 1307; x_wconf 89' lang='lat' dir='ltr'><strong>soceri</strong></span> <span class='ocrx_word' id='word_1_103' title='bbox 1252 1246 1300 1307; x_wconf 80' lang='lat' dir='ltr'><strong>eius</strong></span> 
     </span>
     <span class='ocr_line' id='line_1_13' title="bbox 147 1330 1299 1409; baseline 0 -20"><span class='ocrx_word' id='word_1_104' title='bbox 147 1350 253 1409; x_wconf 83' lang='lat' dir='ltr'><strong>preces</strong></span> <span class='ocrx_word' id='word_1_105' title='bbox 276 1333 382 1390; x_wconf 91' lang='lat' dir='ltr'><strong>iustam</strong></span> <span class='ocrx_word' id='word_1_106' title='bbox 411 1332 489 1407; x_wconf 82' lang='lat' dir='ltr'><strong>rogis</strong></span> <span class='ocrx_word' id='word_1_107' title='bbox 517 1332 591 1390; x_wconf 89' lang='lat' dir='ltr'><strong>iram</strong></span> <span class='ocrx_word' id='word_1_108' title='bbox 622 1330 822 1391; x_wconf 88' lang='lat' dir='ltr'><strong>morabantur.</strong></span> <span class='ocrx_word' id='word_1_109' title='bbox 868 1331 1004 1391; x_wconf 79' lang='lat' dir='ltr'><strong>Ceterum</strong></span> <span class='ocrx_word' id='word_1_110' title='bbox 1028 1330 1186 1392; x_wconf 77' lang='lat' dir='ltr'><strong>recruduit</strong></span> <span class='ocrx_word' id='word_1_111' title='bbox 1207 1347 1299 1409; x_wconf 94' lang='lat' dir='ltr'><strong>supp·</strong></span> 
     </span>
     <span class='ocr_line' id='line_1_14' title="bbox 147 1414 1298 1494; baseline -0.002 -19"><span class='ocrx_word' id='word_1_112' title='bbox 147 1425 229 1475; x_wconf 87' lang='lat' dir='ltr'><strong>ratus</strong></span> <span class='ocrx_word' id='word_1_113' title='bbox 264 1414 363 1473; x_wconf 89' lang='lat' dir='ltr'><strong>dolor:</strong></span> <span class='ocrx_word' id='word_1_114' title='bbox 398 1416 508 1494; x_wconf 89' lang='lat' dir='ltr'><strong>quippe</strong></span> <span class='ocrx_word' id='word_1_115' title='bbox 541 1418 649 1475; x_wconf 77' lang='lat' dir='ltr'><strong>retexis</strong></span> <span class='ocrx_word' id='word_1_116' title='bbox 683 1416 810 1493; x_wconf 90' lang='lat' dir='ltr'><strong>periculi</strong></span> <span class='ocrx_word' id='word_1_117' title='bbox 840 1419 1014 1476; x_wconf 90' lang='lat' dir='ltr'><strong>memoriam</strong></span> <span class='ocrx_word' id='word_1_118' title='bbox 1043 1416 1214 1494; x_wconf 86' lang='lat' dir='ltr'><strong>praesentis</strong></span> <span class='ocrx_word' id='word_1_119' title='bbox 1243 1430 1298 1475; x_wconf 88' lang='lat' dir='ltr'><strong>cun</strong></span> 
     </span>
     <span class='ocr_line' id='line_1_15' title="bbox 113 1498 1297 1577; baseline 0.004 -20"><span class='ocrx_word' id='word_1_120' title='bbox 113 1498 319 1559; x_wconf 75' lang='lat' dir='ltr'><strong>erenorabat.</strong></span> <span class='ocrx_word' id='word_1_121' title='bbox 364 1498 456 1575; x_wconf 79' lang='lat' dir='ltr'><strong>Igitur</strong></span> <span class='ocrx_word' id='word_1_122' title='bbox 479 1499 643 1559; x_wconf 86' lang='lat' dir='ltr'><strong>Alexander</strong></span> <span class='ocrx_word' id='word_1_123' title='bbox 670 1519 704 1560; x_wconf 86' lang='lat' dir='ltr'><strong>ox</strong></span> <span class='ocrx_word' id='word_1_124' title='bbox 726 1499 857 1559; x_wconf 86' lang='lat' dir='ltr'><strong>custodia</strong></span> <span class='ocrx_word' id='word_1_125' title='bbox 881 1500 1015 1559; x_wconf 84' lang='lat' dir='ltr'><strong>educitur</strong></span> <span class='ocrx_word' id='word_1_126' title='bbox 1030 1499 1191 1577; x_wconf 86' lang='lat' dir='ltr'><strong>iussusque</strong></span> <span class='ocrx_word' id='word_1_127' title='bbox 1207 1498 1297 1565; x_wconf 83' lang='lat' dir='ltr'><strong>dicem</strong></span> 
     </span>
     <span class='ocr_line' id='line_1_16' title="bbox 149 1578 1333 1661; baseline -0.002 -21"><span class='ocrx_word' id='word_1_128' title='bbox 149 1598 327 1659; x_wconf 84' lang='lat' dir='ltr'><strong>quamquam</strong></span> <span class='ocrx_word' id='word_1_129' title='bbox 350 1590 410 1642; x_wconf 91' lang='lat' dir='ltr'><strong>toto</strong></span> <span class='ocrx_word' id='word_1_130' title='bbox 433 1585 565 1643; x_wconf 91' lang='lat' dir='ltr'><strong>triennio</strong></span> <span class='ocrx_word' id='word_1_131' title='bbox 588 1584 748 1643; x_wconf 86' lang='lat' dir='ltr'><strong>meditatus</strong></span> <span class='ocrx_word' id='word_1_132' title='bbox 770 1591 833 1645; x_wconf 84' lang='lat' dir='ltr'><strong>erat</strong></span> <span class='ocrx_word' id='word_1_133' title='bbox 856 1584 1070 1653; x_wconf 86' lang='lat' dir='ltr'><strong>delensionem,</strong></span> <span class='ocrx_word' id='word_1_134' title='bbox 1087 1592 1196 1661; x_wconf 30' lang='lat' dir='ltr'><strong>‚tamen</strong></span> <span class='ocrx_word' id='word_1_135' title='bbox 1218 1578 1298 1643; x_wconf 84' lang='lat' dir='ltr'><strong>hacd-</strong></span> <span class='ocrx_word' id='word_1_136' title='bbox 1331 1588 1333 1638; x_wconf 87' lang='lat' dir='ltr'><strong>t</strong></span> 
     </span>
     <span class='ocr_line' id='line_1_17' title="bbox 148 1640 1333 1748; baseline -0.002 -23"><span class='ocrx_word' id='word_1_137' title='bbox 148 1676 212 1727; x_wconf 91' lang='lat' dir='ltr'><strong>tans</strong></span> <span class='ocrx_word' id='word_1_138' title='bbox 235 1675 264 1725; x_wconf 89' lang='lat' dir='ltr'><strong>et</strong></span> <span class='ocrx_word' id='word_1_139' title='bbox 285 1668 420 1745; x_wconf 89' lang='lat' dir='ltr'><strong>trepidus</strong></span> <span class='ocrx_word' id='word_1_140' title='bbox 442 1685 534 1746; x_wconf 92' lang='lat' dir='ltr'><strong>pauca</strong></span> <span class='ocrx_word' id='word_1_141' title='bbox 559 1686 593 1726; x_wconf 89' lang='lat' dir='ltr'><strong>ex</strong></span> <span class='ocrx_word' id='word_1_142' title='bbox 616 1669 663 1737; x_wconf 80' lang='lat' dir='ltr'><strong>iio,</strong></span> <span class='ocrx_word' id='word_1_143' title='bbox 687 1686 763 1746; x_wconf 86' lang='lat' dir='ltr'><strong>quae</strong></span> <span class='ocrx_word' id='word_1_144' title='bbox 786 1675 998 1748; x_wconf 85' lang='lat' dir='ltr'><strong>conposuerat,</strong></span> <span class='ocrx_word' id='word_1_145' title='bbox 1021 1666 1164 1746; x_wconf 92' lang='lat' dir='ltr'><strong>protulit,</strong></span> <span class='ocrx_word' id='word_1_146' title='bbox 1187 1666 1224 1727; x_wconf 92' lang='lat' dir='ltr'><strong>ad</strong></span> <span class='ocrx_word' id='word_1_147' title='bbox 1243 1664 1297 1727; x_wconf 92' lang='lat' dir='ltr'><strong>ulti·</strong></span> <span class='ocrx_word' id='word_1_148' title='bbox 1330 1640 1333 1694; x_wconf 81' lang='lat'>¹</span> 
     </span>
     <span class='ocr_line' id='line_1_18' title="bbox 112 1746 1297 1820; baseline -0.003 -10"><span class='ocrx_word' id='word_1_149' title='bbox 112 1762 226 1810; x_wconf 71' lang='lat' dir='ltr'><strong>omum</strong></span> <span class='ocrx_word' id='word_1_150' title='bbox 256 1768 315 1811; x_wconf 90' lang='lat' dir='ltr'><strong>non</strong></span> <span class='ocrx_word' id='word_1_151' title='bbox 345 1755 488 1812; x_wconf 88' lang='lat' dir='ltr'><strong>memoria</strong></span> <span class='ocrx_word' id='word_1_152' title='bbox 519 1750 630 1820; x_wconf 93' lang='lat' dir='ltr'><strong>solum,</strong></span> <span class='ocrx_word' id='word_1_153' title='bbox 659 1752 710 1810; x_wconf 93' lang='lat' dir='ltr'><strong>sed</strong></span> <span class='ocrx_word' id='word_1_154' title='bbox 741 1754 827 1812; x_wconf 87' lang='lat' dir='ltr'><strong>etiam</strong></span> <span class='ocrx_word' id='word_1_155' title='bbox 852 1769 935 1812; x_wconf 91' lang='lat' dir='ltr'><strong>mens</strong></span> <span class='ocrx_word' id='word_1_156' title='bbox 958 1770 1025 1811; x_wconf 90' lang='lat' dir='ltr'><strong>eum</strong></span> <span class='ocrx_word' id='word_1_157' title='bbox 1048 1751 1193 1812; x_wconf 83' lang='lat' dir='ltr'><strong>destituit.</strong></span> <span class='ocrx_word' id='word_1_158' title='bbox 1236 1746 1297 1811; x_wconf 92' lang='lat' dir='ltr'><strong>Nulli</strong></span> 
     </span>
     <span class='ocr_line' id='line_1_19' title="bbox 147 1835 1295 1915; baseline -0.001 -20"><span class='ocrx_word' id='word_1_159' title='bbox 147 1845 210 1895; x_wconf 88' lang='lat' dir='ltr'><strong>erat</strong></span> <span class='ocrx_word' id='word_1_160' title='bbox 232 1835 364 1903; x_wconf 89' lang='lat' dir='ltr'><strong>dubinm,</strong></span> <span class='ocrx_word' id='word_1_161' title='bbox 388 1838 460 1915; x_wconf 90' lang='lat' dir='ltr'><strong>quin</strong></span> <span class='ocrx_word' id='word_1_162' title='bbox 483 1835 643 1914; x_wconf 90' lang='lat' dir='ltr'><strong>trepidatio</strong></span> <span class='ocrx_word' id='word_1_163' title='bbox 667 1837 866 1895; x_wconf 90' lang='lat' dir='ltr'><strong>conscientiae</strong></span> <span class='ocrx_word' id='word_1_164' title='bbox 887 1837 1030 1896; x_wconf 90' lang='lat' dir='ltr'><strong>indicium</strong></span> <span class='ocrx_word' id='word_1_165' title='bbox 1055 1842 1148 1904; x_wconf 91' lang='lat' dir='ltr'><strong>esset,</strong></span> <span class='ocrx_word' id='word_1_166' title='bbox 1171 1852 1230 1895; x_wconf 92' lang='lat' dir='ltr'><strong>non</strong></span> <span class='ocrx_word' id='word_1_167' title='bbox 1249 1850 1295 1895; x_wconf 73' lang='lat' dir='ltr'><strong>me</strong></span> 
     </span>
     <span class='ocr_line' id='line_1_20' title="bbox 146 1918 1295 1998; baseline -0.003 -19"><span class='ocrx_word' id='word_1_168' title='bbox 146 1922 258 1980; x_wconf 89' lang='lat' dir='ltr'><strong>moriae</strong></span> <span class='ocrx_word' id='word_1_169' title='bbox 281 1922 394 1981; x_wconf 85' lang='lat' dir='ltr'><strong>vitium.</strong></span> <span class='ocrx_word' id='word_1_170' title='bbox 439 1919 540 1997; x_wconf 89' lang='lat' dir='ltr'><strong>ltaque</strong></span> <span class='ocrx_word' id='word_1_171' title='bbox 564 1938 599 1979; x_wconf 90' lang='lat' dir='ltr'><strong>ex</strong></span> <span class='ocrx_word' id='word_1_172' title='bbox 623 1920 683 1989; x_wconf 78' lang='lat' dir='ltr'><strong>liis,</strong></span> <span class='ocrx_word' id='word_1_173' title='bbox 713 1922 763 1998; x_wconf 90' lang='lat' dir='ltr'><strong>qui</strong></span> <span class='ocrx_word' id='word_1_174' title='bbox 788 1922 917 1997; x_wconf 90' lang='lat' dir='ltr'><strong>proximi</strong></span> <span class='ocrx_word' id='word_1_175' title='bbox 940 1919 1131 1989; x_wconf 89' lang='lat' dir='ltr'><strong>adstiterant,</strong></span> <span class='ocrx_word' id='word_1_176' title='bbox 1161 1918 1295 1979; x_wconf 88' lang='lat' dir='ltr'><strong>obluctan-</strong></span> 
     </span>
     <span class='ocr_line' id='line_1_21' title="bbox 95 1994 1319 2081; baseline -0.003 -18"><span class='ocrx_word' id='word_1_177' title='bbox 95 2015 127 2063; x_wconf 85' lang='lat'><strong>10</strong></span> <span class='ocrx_word' id='word_1_178' title='bbox 146 2012 205 2064; x_wconf 91' lang='lat' dir='ltr'><strong>tem</strong></span> <span class='ocrx_word' id='word_1_179' title='bbox 229 2004 326 2064; x_wconf 90' lang='lat' dir='ltr'><strong>adhuc</strong></span> <span class='ocrx_word' id='word_1_180' title='bbox 348 2003 490 2064; x_wconf 86' lang='lat' dir='ltr'><strong>oblivioni</strong></span> <span class='ocrx_word' id='word_1_181' title='bbox 513 2002 623 2064; x_wconf 83' lang='lat' dir='ltr'><strong>lanceis</strong></span> <span class='ocrx_word' id='word_1_182' title='bbox 647 2003 852 2063; x_wconf 86' lang='lat' dir='ltr'><strong>conioderunt.</strong></span> <span class='ocrx_word' id='word_1_183' title='bbox 890 2004 981 2063; x_wconf 80' lang='lat' dir='ltr'><strong>Cuius</strong></span> <span class='ocrx_word' id='word_1_184' title='bbox 1003 2021 1132 2081; x_wconf 90' lang='lat' dir='ltr'><strong>corporo</strong></span> <span class='ocrx_word' id='word_1_185' title='bbox 1147 2002 1243 2064; x_wconf 91' lang='lat' dir='ltr'><strong>ablato</strong></span> <span class='ocrx_word' id='word_1_186' title='bbox 1255 1994 1319 2061; x_wconf 72' lang='lat' dir='ltr'><strong>rexi</strong></span> 
     </span>
     <span class='ocr_line' id='line_1_22' title="bbox 144 2086 1294 2166; baseline -0.002 -19"><span class='ocrx_word' id='word_1_187' title='bbox 144 2089 294 2149; x_wconf 92' lang='lat' dir='ltr'><strong>introduci</strong></span> <span class='ocrx_word' id='word_1_188' title='bbox 318 2089 404 2148; x_wconf 91' lang='lat' dir='ltr'><strong>iussit</strong></span> <span class='ocrx_word' id='word_1_189' title='bbox 425 2091 580 2166; x_wconf 78' lang='lat' dir='ltr'><strong>Amyntam</strong></span> <span class='ocrx_word' id='word_1_190' title='bbox 604 2095 634 2147; x_wconf 92' lang='lat' dir='ltr'><strong>et</strong></span> <span class='ocrx_word' id='word_1_191' title='bbox 656 2088 824 2148; x_wconf 89' lang='lat' dir='ltr'><strong>Simmiam:</strong></span> <span class='ocrx_word' id='word_1_192' title='bbox 848 2106 916 2147; x_wconf 88' lang='lat' dir='ltr'><strong>nam</strong></span> <span class='ocrx_word' id='word_1_193' title='bbox 939 2086 1090 2156; x_wconf 91' lang='lat' dir='ltr'><strong>Polemon,</strong></span> <span class='ocrx_word' id='word_1_194' title='bbox 1114 2089 1251 2148; x_wconf 90' lang='lat' dir='ltr'><strong>minimus</strong></span> <span class='ocrx_word' id='word_1_195' title='bbox 1268 2102 1294 2145; x_wconf 83' lang='lat' dir='ltr'><strong>ex</strong></span> 
     </span>
    </p>
   </div>
   <div class='ocr_carea' id='block_1_3' title="bbox 140 2269 1333 4357">
    <p class='ocr_par' dir='ltr' id='par_1_3' title="bbox 145 2269 1296 2608">
     <span class='ocr_line' id='line_1_23' title="bbox 177 2269 1252 2337; baseline 0.001 -17"><span class='ocrx_word' id='word_1_196' title='bbox 177 2274 202 2321; x_wconf 88' lang='grc'><strong>4.</strong></span> <span class='ocrx_word' id='word_1_197' title='bbox 220 2269 702 2336; x_wconf 73' lang='lat' dir='ltr'><strong>prudenrmitaccc.infinwio</strong></span> <span class='ocrx_word' id='word_1_198' title='bbox 755 2278 838 2325; x_wconf 92' lang='lat' dir='ltr'><strong>unten</strong></span> <span class='ocrx_word' id='word_1_199' title='bbox 864 2270 882 2335; x_wconf 81' lang='lat' dir='ltr'>S</span> <span class='ocrx_word' id='word_1_200' title='bbox 905 2274 946 2325; x_wconf 73' lang='lat'><strong>38.</strong></span> <span class='ocrx_word' id='word_1_201' title='bbox 975 2298 1009 2307; x_wconf 93' lang='lat'><em>-</em></span> <span class='ocrx_word' id='word_1_202' title='bbox 1035 2272 1071 2324; x_wconf 85' lang='lat' dir='ltr'><strong>in</strong></span> <span class='ocrx_word' id='word_1_203' title='bbox 1096 2269 1216 2337; x_wconf 75' lang='lat' dir='ltr'><strong>Philip</strong></span> <span class='ocrx_word' id='word_1_204' title='bbox 1241 2270 1295 2323; x_wconf 85' lang='lat' dir='ltr'><strong>i...</strong></span> 
     </span>
     <span class='ocr_line' id='line_1_24' title="bbox 145 2286 1295 2416; baseline -0.003 -26"><span class='ocrx_word' id='word_1_205' title='bbox 145 2339 312 2402; x_wconf 81' lang='lat' dir='ltr'><strong>imprudens</strong></span> <span class='ocrx_word' id='word_1_206' title='bbox 334 2340 358 2391; x_wconf 90' lang='lat'><strong>8.</strong></span> <span class='ocrx_word' id='word_1_207' title='bbox 381 2341 406 2392; x_wconf 90' lang='lat'><strong>8.</strong></span> <span class='ocrx_word' id='word_1_208' title='bbox 427 2342 452 2388; x_wconf 77' lang='lat'><strong>2.</strong></span> <span class='ocrx_word' id='word_1_209' title='bbox 487 2337 570 2392; x_wconf 90' lang='lat' dir='ltr'><strong>Beide</strong></span> <span class='ocrx_word' id='word_1_210' title='bbox 589 2337 702 2392; x_wconf 87' lang='lat' dir='ltr'><strong>Verbin-</strong></span> <span class='ocrx_word' id='word_1_211' title='bbox 754 2339 900 2395; x_wconf 83' lang='lat' dir='ltr'><strong>caedem.</strong></span> <span class='ocrx_word' id='word_1_212' title='bbox 948 2337 1024 2416; x_wconf 81' lang='lat' dir='ltr'><strong>Auch</strong></span> <span class='ocrx_word' id='word_1_213' title='bbox 1051 2335 1144 2392; x_wconf 88' lang='lat' dir='ltr'><strong>Livius</strong></span> <span class='ocrx_word' id='word_1_214' title='bbox 1171 2286 1295 2392; x_wconf 72' lang='lat' dir='ltr'><strong>verlindet</strong></span> 
     </span>
     <span class='ocr_line' id='line_1_25' title="bbox 145 2404 1293 2471; baseline -0.002 -13"><span class='ocrx_word' id='word_1_215' title='bbox 145 2404 255 2470; x_wconf 79' lang='lat' dir='ltr'><strong>dungen</strong></span> <span class='ocrx_word' id='word_1_216' title='bbox 274 2404 334 2459; x_wconf 91' lang='lat' dir='ltr'><strong>sind</strong></span> <span class='ocrx_word' id='word_1_217' title='bbox 352 2405 478 2471; x_wconf 84' lang='lat' dir='ltr'><strong>poetisclr</strong></span> <span class='ocrx_word' id='word_1_218' title='bbox 494 2404 549 2459; x_wconf 94' lang='lat' dir='ltr'><strong>und</strong></span> <span class='ocrx_word' id='word_1_219' title='bbox 562 2404 702 2461; x_wconf 81' lang='lat' dir='ltr'><strong>naclrclas-</strong></span> <span class='ocrx_word' id='word_1_220' title='bbox 753 2408 908 2461; x_wconf 79' lang='lat' dir='ltr'><strong>coniurare</strong></span> <span class='ocrx_word' id='word_1_221' title='bbox 927 2405 953 2458; x_wconf 94' lang='lat' dir='ltr'><strong>in</strong></span> <span class='ocrx_word' id='word_1_222' title='bbox 973 2405 1065 2459; x_wconf 80' lang='lat' dir='ltr'><strong>dieser</strong></span> <span class='ocrx_word' id='word_1_223' title='bbox 1082 2405 1185 2459; x_wconf 86' lang='lat' dir='ltr'><strong>Weise.</strong></span> <span class='ocrx_word' id='word_1_224' title='bbox 1202 2433 1236 2442; x_wconf 93' lang='lat'><em>-</em></span> <span class='ocrx_word' id='word_1_225' title='bbox 1247 2416 1293 2458; x_wconf 77' lang='lat' dir='ltr'><strong>en-</strong></span> 
     </span>
     <span class='ocr_line' id='line_1_26' title="bbox 145 2468 1296 2539; baseline -0.004 -13"><span class='ocrx_word' id='word_1_226' title='bbox 145 2471 227 2526; x_wconf 85' lang='lat' dir='ltr'><strong>sisch.</strong></span> <span class='ocrx_word' id='word_1_227' title='bbox 242 2501 274 2509; x_wconf 94' lang='lat'><em>-</em></span> <span class='ocrx_word' id='word_1_228' title='bbox 293 2475 355 2527; x_wconf 82' lang='lat' dir='ltr'><strong>otii</strong></span> <span class='ocrx_word' id='word_1_229' title='bbox 367 2475 562 2528; x_wconf 53' lang='lat' dir='ltr'><strong>...discuti</strong></span> <span class='ocrx_word' id='word_1_230' title='bbox 586 2472 655 2527; x_wconf 87' lang='lat' dir='ltr'><strong>Seln·</strong></span> <span class='ocrx_word' id='word_1_231' title='bbox 669 2490 701 2527; x_wconf 92' lang='lat' dir='ltr'><strong>zu</strong></span> <span class='ocrx_word' id='word_1_232' title='bbox 754 2478 893 2539; x_wconf 81' lang='lat' dir='ltr'><strong>emptus·</strong></span> <span class='ocrx_word' id='word_1_233' title='bbox 924 2471 983 2538; x_wconf 78' lang='lat' dir='ltr'><strong>vgt.</strong></span> <span class='ocrx_word' id='word_1_234' title='bbox 1005 2470 1062 2526; x_wconf 88' lang='lat' dir='ltr'><strong>Liv.</strong></span> <span class='ocrx_word' id='word_1_235' title='bbox 1084 2475 1107 2526; x_wconf 91' lang='lat'><strong>8.</strong></span> <span class='ocrx_word' id='word_1_236' title='bbox 1127 2475 1168 2525; x_wconf 85' lang='lat'><strong>35.</strong></span> <span class='ocrx_word' id='word_1_237' title='bbox 1186 2476 1204 2523; x_wconf 81' lang='lat'><strong>4</strong></span> <span class='ocrx_word' id='word_1_238' title='bbox 1223 2468 1296 2526; x_wconf 74' lang='lat' dir='ltr'><strong>emm</strong></span> 
     </span>
     <span class='ocr_line' id='line_1_27' title="bbox 145 2537 1241 2608; baseline 0 -15"><span class='ocrx_word' id='word_1_239' title='bbox 145 2538 277 2594; x_wconf 72' lang='lat' dir='ltr'><strong>lteachten</strong></span> <span class='ocrx_word' id='word_1_240' title='bbox 296 2540 345 2603; x_wconf 89' lang='lat' dir='ltr'><strong>ist,</strong></span> <span class='ocrx_word' id='word_1_241' title='bbox 364 2541 426 2595; x_wconf 92' lang='lat' dir='ltr'><strong>dass</strong></span> <span class='ocrx_word' id='word_1_242' title='bbox 446 2540 547 2596; x_wconf 87' lang='lat' dir='ltr'><strong>Seneca</strong></span> <span class='ocrx_word' id='word_1_243' title='bbox 566 2538 640 2608; x_wconf 87' lang='lat' dir='ltr'><strong>(epp.</strong></span> <span class='ocrx_word' id='word_1_244' title='bbox 660 2544 700 2595; x_wconf 85' lang='lat'><strong>56.</strong></span> <span class='ocrx_word' id='word_1_245' title='bbox 754 2555 849 2595; x_wconf 79' lang='lat' dir='ltr'><strong>noxae</strong></span> <span class='ocrx_word' id='word_1_246' title='bbox 867 2557 894 2594; x_wconf 89' lang='lat' dir='ltr'><strong>u.</strong></span> <span class='ocrx_word' id='word_1_247' title='bbox 913 2538 981 2594; x_wconf 87' lang='lat' dir='ltr'><strong>Einl.</strong></span> <span class='ocrx_word' id='word_1_248' title='bbox 999 2539 1017 2604; x_wconf 85' lang='lat'><strong>8</strong></span> <span class='ocrx_word' id='word_1_249' title='bbox 1035 2542 1069 2591; x_wconf 76' lang='lat'><strong>28</strong></span> <span class='ocrx_word' id='word_1_250' title='bbox 1087 2537 1105 2594; x_wconf 88' lang='lat' dir='ltr'><strong>i.</strong></span> <span class='ocrx_word' id='word_1_251' title='bbox 1124 2540 1202 2594; x_wconf 90' lang='lat' dir='ltr'><strong>Anm.</strong></span> <span class='ocrx_word' id='word_1_252' title='bbox 1220 2543 1241 2593; x_wconf 93' lang='lat'><strong>1.</strong></span> 
     </span>
    </p>

    <p class='ocr_par' dir='ltr' id='par_1_4' title="bbox 143 2602 1296 2740">
     <span class='ocr_line' id='line_1_28' title="bbox 144 2602 1292 2675; baseline 0 -16"><span class='ocrx_word' id='word_1_253' title='bbox 144 2608 170 2669; x_wconf 84' lang='lat'><strong>9)</strong></span> <span class='ocrx_word' id='word_1_254' title='bbox 188 2606 310 2663; x_wconf 88' lang='lat' dir='ltr'><strong>dieselbe</strong></span> <span class='ocrx_word' id='word_1_255' title='bbox 329 2608 445 2665; x_wconf 89' lang='lat' dir='ltr'><strong>Sentenz</strong></span> <span class='ocrx_word' id='word_1_256' title='bbox 464 2608 490 2662; x_wconf 93' lang='lat' dir='ltr'><strong>in</strong></span> <span class='ocrx_word' id='word_1_257' title='bbox 510 2623 577 2675; x_wconf 76' lang='lat' dir='ltr'><strong>ganz</strong></span> <span class='ocrx_word' id='word_1_258' title='bbox 597 2607 701 2663; x_wconf 91' lang='lat' dir='ltr'><strong>dersel·</strong></span> <span class='ocrx_word' id='word_1_259' title='bbox 792 2611 815 2660; x_wconf 81' lang='lat'><strong>7.</strong></span> <span class='ocrx_word' id='word_1_260' title='bbox 845 2607 926 2662; x_wconf 83' lang='lat' dir='ltr'><strong>Tum</strong></span> <span class='ocrx_word' id='word_1_261' title='bbox 948 2622 1089 2673; x_wconf 72' lang='lat' dir='ltr'><strong>quoque.</strong></span> <span class='ocrx_word' id='word_1_262' title='bbox 1125 2606 1239 2673; x_wconf 80' lang='lat' dir='ltr'><strong>Quoque</strong></span> <span class='ocrx_word' id='word_1_263' title='bbox 1257 2602 1292 2658; x_wconf 82' lang='lat' dir='ltr'><strong>lte·</strong></span> 
     </span>
     <span class='ocr_line' id='line_1_29' title="bbox 143 2666 1296 2740; baseline -0.005 -12"><span class='ocrx_word' id='word_1_264' title='bbox 143 2673 196 2729; x_wconf 81' lang='lat' dir='ltr'><strong>lren</strong></span> <span class='ocrx_word' id='word_1_265' title='bbox 214 2675 295 2730; x_wconf 90' lang='lat' dir='ltr'><strong>Form</strong></span> <span class='ocrx_word' id='word_1_266' title='bbox 315 2677 370 2732; x_wconf 89' lang='lat' dir='ltr'><strong>hat.</strong></span> <span class='ocrx_word' id='word_1_267' title='bbox 754 2674 828 2728; x_wconf 89' lang='lat' dir='ltr'><strong>zieht</strong></span> <span class='ocrx_word' id='word_1_268' title='bbox 851 2674 924 2737; x_wconf 84' lang='lat' dir='ltr'><strong>sich,</strong></span> <span class='ocrx_word' id='word_1_269' title='bbox 947 2674 1002 2727; x_wconf 87' lang='lat' dir='ltr'><strong>wie</strong></span> <span class='ocrx_word' id='word_1_270' title='bbox 1025 2671 1117 2740; x_wconf 77' lang='lat' dir='ltr'><strong>naung</strong></span> <span class='ocrx_word' id='word_1_271' title='bbox 1136 2673 1178 2728; x_wconf 89' lang='lat' dir='ltr'><strong>bei</strong></span> <span class='ocrx_word' id='word_1_272' title='bbox 1197 2672 1237 2729; x_wconf 82' lang='lat' dir='ltr'><strong>G..</strong></span> <span class='ocrx_word' id='word_1_273' title='bbox 1257 2666 1296 2726; x_wconf 88' lang='lat' dir='ltr'><strong>aui</strong></span> 
     </span>
    </p>

    <p class='ocr_par' dir='ltr' id='par_1_5' title="bbox 143 2738 1333 3413">
     <span class='ocr_line' id='line_1_30' title="bbox 181 2738 1294 2817; baseline 0 -23"><span class='ocrx_word' id='word_1_274' title='bbox 181 2746 205 2798; x_wconf 78' lang='grc' dir='ltr'><strong>ὅ.</strong></span> <span class='ocrx_word' id='word_1_275' title='bbox 233 2744 439 2809; x_wconf 81' lang='lat' dir='ltr'><strong>Atdnrrino,</strong></span> <span class='ocrx_word' id='word_1_276' title='bbox 463 2761 484 2799; x_wconf 94' lang='lat' dir='ltr'><strong>s.</strong></span> <span class='ocrx_word' id='word_1_277' title='bbox 508 2747 531 2799; x_wconf 84' lang='grc'><strong>6.</strong></span> <span class='ocrx_word' id='word_1_278' title='bbox 554 2747 578 2798; x_wconf 92' lang='lat'><strong>8.</strong></span> <span class='ocrx_word' id='word_1_279' title='bbox 602 2746 642 2798; x_wconf 83' lang='grc'><strong>19.</strong></span> <span class='ocrx_word' id='word_1_280' title='bbox 669 2770 702 2778; x_wconf 95' lang='grc'>-</span> <span class='ocrx_word' id='word_1_281' title='bbox 754 2741 807 2794; x_wconf 91' lang='lat' dir='ltr'><strong>den</strong></span> <span class='ocrx_word' id='word_1_282' title='bbox 826 2756 929 2807; x_wconf 81' lang='lat' dir='ltr'><strong>ganzen</strong></span> <span class='ocrx_word' id='word_1_283' title='bbox 949 2738 1019 2796; x_wconf 90' lang='lat' dir='ltr'><strong>Satz.</strong></span> <span class='ocrx_word' id='word_1_284' title='bbox 1046 2739 1294 2817; x_wconf 75' lang='lat' dir='ltr'><strong>NatdrlicheWort·</strong></span> 
     </span>
     <span class='ocr_line' id='line_1_31' title="bbox 144 2807 1293 2876; baseline -0.003 -14"><span class='ocrx_word' id='word_1_285' title='bbox 144 2809 365 2874; x_wconf 78' lang='lat' dir='ltr'><strong>Alexander,</strong></span> <span class='ocrx_word' id='word_1_286' title='bbox 385 2812 428 2868; x_wconf 88' lang='lat' dir='ltr'><strong>ein</strong></span> <span class='ocrx_word' id='word_1_287' title='bbox 444 2810 636 2876; x_wconf 82' lang='lat' dir='ltr'><strong>Altlxdmmling</strong></span> <span class='ocrx_word' id='word_1_288' title='bbox 653 2809 700 2864; x_wconf 88' lang='lat' dir='ltr'><strong>des</strong></span> <span class='ocrx_word' id='word_1_289' title='bbox 753 2807 888 2874; x_wconf 85' lang='lat' dir='ltr'><strong>stollung:</strong></span> <span class='ocrx_word' id='word_1_290' title='bbox 908 2808 1003 2874; x_wconf 84' lang='lat' dir='ltr'><strong>Antip.</strong></span> <span class='ocrx_word' id='word_1_291' title='bbox 1015 2823 1124 2875; x_wconf 79' lang='lat' dir='ltr'><strong>quoqne</strong></span> <span class='ocrx_word' id='word_1_292' title='bbox 1199 2814 1293 2863; x_wconf 82' lang='lat' dir='ltr'><strong>tumn·</strong></span> 
     </span>
     <span class='ocr_line' id='line_1_32' title="bbox 144 2872 1294 2952; baseline -0.003 -23"><span class='ocrx_word' id='word_1_293' title='bbox 144 2877 205 2930; x_wconf 90' lang='lat' dir='ltr'><strong>dem</strong></span> <span class='ocrx_word' id='word_1_294' title='bbox 246 2879 472 2934; x_wconf 83' lang='lat' dir='ltr'><strong>macedonisclren</strong></span> <span class='ocrx_word' id='word_1_295' title='bbox 511 2878 701 2944; x_wconf 79' lang='lat' dir='ltr'><strong>lidnigslmuse</strong></span> <span class='ocrx_word' id='word_1_296' title='bbox 753 2880 826 2929; x_wconf 87' lang='lat' dir='ltr'><strong>stnm</strong></span> <span class='ocrx_word' id='word_1_297' title='bbox 844 2883 947 2930; x_wconf 87' lang='lat' dir='ltr'><strong>etc—</strong></span> <span class='ocrx_word' id='word_1_298' title='bbox 969 2882 1194 2943; x_wconf 80' lang='lat' dir='ltr'><strong>suppuratus</strong></span> <span class='ocrx_word' id='word_1_299' title='bbox 1212 2872 1294 2952; x_wconf 77' lang='lat' dir='ltr'><strong>dolor</strong></span> 
     </span>
     <span class='ocr_line' id='line_1_33' title="bbox 144 2939 1293 3010; baseline -0.001 -14"><span class='ocrx_word' id='word_1_300' title='bbox 144 2944 700 3010; x_wconf 81' lang='lat' dir='ltr'><strong>naheverwancltenFdrstengeschlechts</strong></span> <span class='ocrx_word' id='word_1_301' title='bbox 752 2965 785 2984; x_wconf 97' lang='lat'>=</span> <span class='ocrx_word' id='word_1_302' title='bbox 818 2942 878 2997; x_wconf 82' lang='lat' dir='ltr'><strong>‘die</strong></span> <span class='ocrx_word' id='word_1_303' title='bbox 912 2942 1093 2998; x_wconf 88' lang='lat' dir='ltr'><strong>iorteiternde</strong></span> <span class='ocrx_word' id='word_1_304' title='bbox 1135 2939 1293 3009; x_wconf 80' lang='lat' dir='ltr'><strong>[cigentltclu</strong></span> 
     </span>
     <span class='ocr_line' id='line_1_34' title="bbox 144 3001 1293 3076; baseline -0.002 -13"><span class='ocrx_word' id='word_1_305' title='bbox 144 3010 194 3064; x_wconf 86' lang='lat' dir='ltr'><strong>dor</strong></span> <span class='ocrx_word' id='word_1_306' title='bbox 212 3009 259 3075; x_wconf 86' lang='lat' dir='ltr'><strong>(im</strong></span> <span class='ocrx_word' id='word_1_307' title='bbox 271 3011 450 3066; x_wconf 82' lang='lat' dir='ltr'><strong>Nordwesten</strong></span> <span class='ocrx_word' id='word_1_308' title='bbox 464 3028 516 3065; x_wconf 92' lang='lat' dir='ltr'><strong>von</strong></span> <span class='ocrx_word' id='word_1_309' title='bbox 526 3011 700 3066; x_wconf 80' lang='lat' dir='ltr'><strong>ilaceclonien</strong></span> <span class='ocrx_word' id='word_1_310' title='bbox 753 3026 815 3064; x_wconf 85' lang='lat' dir='ltr'><strong>von</strong></span> <span class='ocrx_word' id='word_1_311' title='bbox 834 3010 927 3065; x_wconf 80' lang='lat' dir='ltr'><strong>iliter</strong></span> <span class='ocrx_word' id='word_1_312' title='bbox 947 3011 1026 3076; x_wconf 81' lang='lat' dir='ltr'><strong>(pus)</strong></span> <span class='ocrx_word' id='word_1_313' title='bbox 1051 3001 1293 3071; x_wconf 80' lang='lat' dir='ltr'><strong>unterlauiene}</strong></span> 
     </span>
     <span class='ocr_line' id='line_1_35' title="bbox 144 3076 1333 3144; baseline 0.004 -12"><span class='ocrx_word' id='word_1_314' title='bbox 144 3076 533 3144; x_wconf 78' lang='lat' dir='ltr'><strong>sosshaitenlLynccstier.</strong></span> <span class='ocrx_word' id='word_1_315' title='bbox 554 3078 699 3132; x_wconf 88' lang='lat' dir='ltr'><strong>Seinehei-</strong></span> <span class='ocrx_word' id='word_1_316' title='bbox 753 3077 970 3132; x_wconf 88' lang='lat' dir='ltr'><strong>Wundeseines</strong></span> <span class='ocrx_word' id='word_1_317' title='bbox 991 3076 1091 3132; x_wconf 88' lang='lat' dir='ltr'><strong>Grolls.</strong></span> <span class='ocrx_word' id='word_1_318' title='bbox 1127 3077 1294 3144; x_wconf 59' lang='lat' dir='ltr'><strong>velocem·</strong></span> <span class='ocrx_word' id='word_1_319' title='bbox 1331 3130 1333 3137; x_wconf 93' lang='lat'><strong>.</strong></span> 
     </span>
     <span class='ocr_line' id='line_1_36' title="bbox 144 3142 1294 3213; baseline -0.002 -16"><span class='ocrx_word' id='word_1_320' title='bbox 144 3144 195 3198; x_wconf 89' lang='lat' dir='ltr'><strong>den</strong></span> <span class='ocrx_word' id='word_1_321' title='bbox 215 3144 319 3197; x_wconf 86' lang='lat' dir='ltr'><strong>ltrdder</strong></span> <span class='ocrx_word' id='word_1_322' title='bbox 339 3161 432 3198; x_wconf 65' lang='lat' dir='ltr'><strong>uraren</strong></span> <span class='ocrx_word' id='word_1_323' title='bbox 451 3143 491 3198; x_wconf 87' lang='lat' dir='ltr'><strong>als</strong></span> <span class='ocrx_word' id='word_1_324' title='bbox 510 3144 701 3199; x_wconf 84' lang='lat' dir='ltr'><strong>Thoilnohmer</strong></span> <span class='ocrx_word' id='word_1_325' title='bbox 753 3161 822 3200; x_wconf 87' lang='lat' dir='ltr'><strong>rare</strong></span> <span class='ocrx_word' id='word_1_326' title='bbox 835 3147 973 3213; x_wconf 84' lang='lat' dir='ltr'><strong>potuisset</strong></span> <span class='ocrx_word' id='word_1_327' title='bbox 985 3152 1070 3200; x_wconf 91' lang='lat' dir='ltr'><strong>unten</strong></span> <span class='ocrx_word' id='word_1_328' title='bbox 1083 3149 1108 3200; x_wconf 82' lang='lat'><strong>2.</strong></span> <span class='ocrx_word' id='word_1_329' title='bbox 1120 3148 1146 3199; x_wconf 86' lang='lat'><strong>9.</strong></span> <span class='ocrx_word' id='word_1_330' title='bbox 1173 3142 1294 3200; x_wconf 86' lang='lat' dir='ltr'><strong>Auchdcr</strong></span> 
     </span>
     <span class='ocr_line' id='line_1_37' title="bbox 144 3210 1294 3278; baseline -0.001 -14"><span class='ocrx_word' id='word_1_331' title='bbox 144 3227 178 3264; x_wconf 90' lang='lat' dir='ltr'><strong>an</strong></span> <span class='ocrx_word' id='word_1_332' title='bbox 204 3210 264 3263; x_wconf 88' lang='lat' dir='ltr'><strong>dem</strong></span> <span class='ocrx_word' id='word_1_333' title='bbox 295 3210 503 3275; x_wconf 79' lang='lat' dir='ltr'><strong>liordanschlag</strong></span> <span class='ocrx_word' id='word_1_334' title='bbox 530 3226 617 3278; x_wconf 80' lang='lat' dir='ltr'><strong>gegen</strong></span> <span class='ocrx_word' id='word_1_335' title='bbox 639 3211 701 3266; x_wconf 91' lang='lat' dir='ltr'><strong>Phi·</strong></span> <span class='ocrx_word' id='word_1_336' title='bbox 754 3211 840 3267; x_wconf 80' lang='lat' dir='ltr'><strong>altere</strong></span> <span class='ocrx_word' id='word_1_337' title='bbox 856 3211 961 3267; x_wconf 87' lang='lat' dir='ltr'><strong>Plinius</strong></span> <span class='ocrx_word' id='word_1_338' title='bbox 979 3212 1035 3267; x_wconf 93' lang='lat' dir='ltr'><strong>und</strong></span> <span class='ocrx_word' id='word_1_339' title='bbox 1053 3212 1156 3267; x_wconf 90' lang='lat' dir='ltr'><strong>Seneca</strong></span> <span class='ocrx_word' id='word_1_340' title='bbox 1174 3211 1294 3267; x_wconf 77' lang='lat' dir='ltr'><strong>lrrauclxen</strong></span> 
     </span>
     <span class='ocr_line' id='line_1_38' title="bbox 143 3274 1295 3345; baseline 0.001 -14"><span class='ocrx_word' id='word_1_341' title='bbox 143 3277 203 3344; x_wconf 91' lang='lat' dir='ltr'><strong>lipp</strong></span> <span class='ocrx_word' id='word_1_342' title='bbox 221 3280 271 3328; x_wconf 84' lang='lat'><strong>336</strong></span> <span class='ocrx_word' id='word_1_343' title='bbox 290 3276 375 3331; x_wconf 85' lang='lat' dir='ltr'><strong>durch</strong></span> <span class='ocrx_word' id='word_1_344' title='bbox 389 3277 532 3333; x_wconf 90' lang='lat' dir='ltr'><strong>diePartei</strong></span> <span class='ocrx_word' id='word_1_345' title='bbox 546 3278 595 3333; x_wconf 91' lang='lat' dir='ltr'><strong>der</strong></span> <span class='ocrx_word' id='word_1_346' title='bbox 608 3278 700 3345; x_wconf 83' lang='lat' dir='ltr'><strong>Olym·</strong></span> <span class='ocrx_word' id='word_1_347' title='bbox 753 3278 842 3334; x_wconf 92' lang='lat' dir='ltr'><strong>dieses</strong></span> <span class='ocrx_word' id='word_1_348' title='bbox 872 3288 951 3335; x_wconf 88' lang='lat' dir='ltr'><strong>sonst</strong></span> <span class='ocrx_word' id='word_1_349' title='bbox 980 3279 1069 3335; x_wconf 86' lang='lat' dir='ltr'><strong>seiten</strong></span> <span class='ocrx_word' id='word_1_350' title='bbox 1097 3274 1295 3335; x_wconf 80' lang='lat' dir='ltr'><strong>vorlxommende</strong></span> 
     </span>
     <span class='ocr_line' id='line_1_39' title="bbox 143 3344 1296 3413; baseline -0.002 -15"><span class='ocrx_word' id='word_1_351' title='bbox 143 3346 202 3413; x_wconf 91' lang='lat' dir='ltr'><strong>pias</strong></span> <span class='ocrx_word' id='word_1_352' title='bbox 222 3345 361 3400; x_wconf 88' lang='lat' dir='ltr'><strong>ermordet</strong></span> <span class='ocrx_word' id='word_1_353' title='bbox 379 3345 502 3399; x_wconf 88' lang='lat' dir='ltr'><strong>worden.</strong></span> <span class='ocrx_word' id='word_1_354' title='bbox 752 3345 834 3402; x_wconf 92' lang='lat' dir='ltr'><strong>Wort</strong></span> <span class='ocrx_word' id='word_1_355' title='bbox 851 3347 1005 3409; x_wconf 75' lang='lat' dir='ltr'><strong>melariach,</strong></span> <span class='ocrx_word' id='word_1_356' title='bbox 1024 3346 1073 3401; x_wconf 91' lang='lat' dir='ltr'><strong>der</strong></span> <span class='ocrx_word' id='word_1_357' title='bbox 1090 3345 1217 3402; x_wconf 89' lang='lat' dir='ltr'><strong>Letztere</strong></span> <span class='ocrx_word' id='word_1_358' title='bbox 1228 3344 1296 3400; x_wconf 85' lang='lat' dir='ltr'><strong>ehen-</strong></span> 
     </span>
    </p>

    <p class='ocr_par' dir='ltr' id='par_1_6' title="bbox 140 3411 1300 4357">
     <span class='ocr_line' id='line_1_40' title="bbox 177 3411 1297 3480; baseline -0.002 -15"><span class='ocrx_word' id='word_1_359' title='bbox 177 3417 201 3467; x_wconf 89' lang='grc'><strong>6.</strong></span> <span class='ocrx_word' id='word_1_360' title='bbox 219 3427 342 3478; x_wconf 80' lang='lat' dir='ltr'><strong>supro,</strong></span> <span class='ocrx_word' id='word_1_361' title='bbox 361 3412 544 3467; x_wconf 82' lang='lat' dir='ltr'><strong>vermutlrliclr</strong></span> <span class='ocrx_word' id='word_1_362' title='bbox 561 3414 597 3467; x_wconf 92' lang='lat' dir='ltr'><strong>im</strong></span> <span class='ocrx_word' id='word_1_363' title='bbox 610 3412 700 3468; x_wconf 85' lang='lat' dir='ltr'><strong>verlo·</strong></span> <span class='ocrx_word' id='word_1_364' title='bbox 753 3411 816 3468; x_wconf 91' lang='lat' dir='ltr'><strong>ialls</strong></span> <span class='ocrx_word' id='word_1_365' title='bbox 839 3415 866 3468; x_wconf 90' lang='lat' dir='ltr'><strong>in</strong></span> <span class='ocrx_word' id='word_1_366' title='bbox 889 3414 1045 3469; x_wconf 81' lang='lat' dir='ltr'><strong>bildliclrem</strong></span> <span class='ocrx_word' id='word_1_367' title='bbox 1064 3413 1157 3470; x_wconf 91' lang='lat' dir='ltr'><strong>Sinne.</strong></span> <span class='ocrx_word' id='word_1_368' title='bbox 1192 3411 1297 3480; x_wconf 83' lang='lat' dir='ltr'><strong>[Ardere</strong></span> 
     </span>
     <span class='ocr_line' id='line_1_41' title="bbox 143 3478 1296 3548; baseline -0.002 -13"><span class='ocrx_word' id='word_1_369' title='bbox 143 3497 193 3536; x_wconf 85' lang='lat' dir='ltr'><strong>ren</strong></span> <span class='ocrx_word' id='word_1_370' title='bbox 212 3495 389 3548; x_wconf 79' lang='lat' dir='ltr'><strong>gegangenen</strong></span> <span class='ocrx_word' id='word_1_371' title='bbox 408 3480 525 3534; x_wconf 88' lang='lat' dir='ltr'><strong>zweiten</strong></span> <span class='ocrx_word' id='word_1_372' title='bbox 544 3481 643 3536; x_wconf 83' lang='lat' dir='ltr'><strong>Buclte.</strong></span> <span class='ocrx_word' id='word_1_373' title='bbox 667 3508 701 3518; x_wconf 95' lang='lat'><em>-</em></span> <span class='ocrx_word' id='word_1_374' title='bbox 753 3480 829 3535; x_wconf 93' lang='lat' dir='ltr'><strong>lesen</strong></span> <span class='ocrx_word' id='word_1_375' title='bbox 843 3483 911 3536; x_wconf 92' lang='lat' dir='ltr'><strong>nach</strong></span> <span class='ocrx_word' id='word_1_376' title='bbox 924 3482 973 3537; x_wconf 89' lang='lat' dir='ltr'><strong>der</strong></span> <span class='ocrx_word' id='word_1_377' title='bbox 982 3480 1120 3536; x_wconf 82' lang='lat' dir='ltr'><strong>llehrzalrl</strong></span> <span class='ocrx_word' id='word_1_378' title='bbox 1134 3482 1185 3537; x_wconf 89' lang='lat' dir='ltr'><strong>der</strong></span> <span class='ocrx_word' id='word_1_379' title='bbox 1196 3478 1296 3536; x_wconf 77' lang='lat' dir='ltr'><strong>naseu:</strong></span> 
     </span>
     <span class='ocr_line' id='line_1_42' title="bbox 142 3547 927 3615; baseline 0.001 -14"><span class='ocrx_word' id='word_1_380' title='bbox 142 3550 284 3603; x_wconf 81' lang='lat' dir='ltr'><strong>tertium</strong></span> <span class='ocrx_word' id='word_1_381' title='bbox 302 3552 368 3603; x_wconf 84' lang='lat' dir='ltr'><strong>inm</strong></span> <span class='ocrx_word' id='word_1_382' title='bbox 386 3564 520 3605; x_wconf 71' lang='lat' dir='ltr'><strong>cunnum.</strong></span> <span class='ocrx_word' id='word_1_383' title='bbox 547 3548 602 3602; x_wconf 87' lang='lat' dir='ltr'><strong>Zur</strong></span> <span class='ocrx_word' id='word_1_384' title='bbox 614 3547 701 3603; x_wconf 90' lang='lat' dir='ltr'><strong>Sache</strong></span> <span class='ocrx_word' id='word_1_385' title='bbox 752 3549 927 3615; x_wconf 62' lang='lat' dir='ltr'><strong>soporatus}</strong></span> 
     </span>
     <span class='ocr_line' id='line_1_43' title="bbox 143 3614 1295 3684; baseline 0.002 -17"><span class='ocrx_word' id='word_1_386' title='bbox 143 3614 197 3681; x_wconf 85' lang='lat' dir='ltr'><strong>vgl.</strong></span> <span class='ocrx_word' id='word_1_387' title='bbox 216 3615 260 3670; x_wconf 90' lang='lat' dir='ltr'><strong>die</strong></span> <span class='ocrx_word' id='word_1_388' title='bbox 278 3616 338 3671; x_wconf 90' lang='lat' dir='ltr'><strong>dem</strong></span> <span class='ocrx_word' id='word_1_389' title='bbox 358 3615 514 3672; x_wconf 91' lang='lat' dir='ltr'><strong>Wortlaute</strong></span> <span class='ocrx_word' id='word_1_390' title='bbox 536 3616 606 3670; x_wconf 90' lang='lat' dir='ltr'><strong>nach</strong></span> <span class='ocrx_word' id='word_1_391' title='bbox 631 3631 700 3682; x_wconf 83' lang='lat' dir='ltr'><strong>ganz</strong></span> <span class='ocrx_word' id='word_1_392' title='bbox 790 3621 816 3671; x_wconf 90' lang='lat'><strong>8.</strong></span> <span class='ocrx_word' id='word_1_393' title='bbox 838 3631 931 3671; x_wconf 80' lang='lat' dir='ltr'><strong>mens</strong></span> <span class='ocrx_word' id='word_1_394' title='bbox 949 3638 982 3659; x_wconf 91' lang='lat'>=</span> <span class='ocrx_word' id='word_1_395' title='bbox 999 3615 1197 3684; x_wconf 82' lang='lat' dir='ltr'><strong>Besinnung</strong></span> <span class='ocrx_word' id='word_1_396' title='bbox 1212 3616 1263 3671; x_wconf 87' lang='lat' dir='ltr'><strong>wie</strong></span> <span class='ocrx_word' id='word_1_397' title='bbox 1276 3614 1295 3664; x_wconf 80' lang='lat'><strong>8.</strong></span> 
     </span>
     <span class='ocr_line' id='line_1_44' title="bbox 142 3682 1283 3757; baseline 0.003 -22"><span class='ocrx_word' id='word_1_398' title='bbox 142 3682 268 3738; x_wconf 81' lang='lat' dir='ltr'><strong>thnliche</strong></span> <span class='ocrx_word' id='word_1_399' title='bbox 294 3683 378 3738; x_wconf 88' lang='lat' dir='ltr'><strong>Stelle</strong></span> <span class='ocrx_word' id='word_1_400' title='bbox 401 3688 425 3739; x_wconf 88' lang='lat'><strong>8.</strong></span> <span class='ocrx_word' id='word_1_401' title='bbox 447 3687 472 3739; x_wconf 90' lang='lat'><strong>8.</strong></span> <span class='ocrx_word' id='word_1_402' title='bbox 495 3687 519 3734; x_wconf 83' lang='lat'><strong>8.</strong></span> <span class='ocrx_word' id='word_1_403' title='bbox 554 3682 627 3737; x_wconf 86' lang='lat' dir='ltr'><strong>Nach</strong></span> <span class='ocrx_word' id='word_1_404' title='bbox 650 3684 700 3736; x_wconf 91' lang='lat' dir='ltr'><strong>Ar·</strong></span> <span class='ocrx_word' id='word_1_405' title='bbox 753 3687 776 3739; x_wconf 85' lang='lat'><strong>8.</strong></span> <span class='ocrx_word' id='word_1_406' title='bbox 795 3687 827 3735; x_wconf 79' lang='lat'><strong>22</strong></span> <span class='ocrx_word' id='word_1_407' title='bbox 845 3690 964 3739; x_wconf 85' lang='lat' dir='ltr'><strong>mentem</strong></span> <span class='ocrx_word' id='word_1_408' title='bbox 982 3683 1124 3750; x_wconf 75' lang='lat' dir='ltr'><strong>eollipere.</strong></span> <span class='ocrx_word' id='word_1_409' title='bbox 1278 3746 1283 3757; x_wconf 34' lang='grc'>1</span> 
     </span>
     <span class='ocr_line' id='line_1_45' title="bbox 143 3746 1297 3817; baseline -0.003 -13"><span class='ocrx_word' id='word_1_410' title='bbox 143 3751 201 3804; x_wconf 89' lang='lat' dir='ltr'><strong>rian</strong></span> <span class='ocrx_word' id='word_1_411' title='bbox 221 3766 279 3804; x_wconf 87' lang='lat' dir='ltr'><strong>war</strong></span> <span class='ocrx_word' id='word_1_412' title='bbox 298 3751 341 3805; x_wconf 92' lang='lat' dir='ltr'><strong>die</strong></span> <span class='ocrx_word' id='word_1_413' title='bbox 355 3750 524 3816; x_wconf 76' lang='lat' dir='ltr'><strong>l&#39;erlxaitung</strong></span> <span class='ocrx_word' id='word_1_414' title='bbox 541 3754 608 3802; x_wconf 82' lang='lat'><strong>4-5</strong></span> <span class='ocrx_word' id='word_1_415' title='bbox 620 3751 701 3805; x_wconf 83' lang='lat' dir='ltr'><strong>lehre</strong></span> <span class='ocrx_word' id='word_1_416' title='bbox 791 3755 816 3806; x_wconf 84' lang='lat'><strong>9.</strong></span> <span class='ocrx_word' id='word_1_417' title='bbox 839 3765 883 3805; x_wconf 78' lang='lat' dir='ltr'><strong>ecc</strong></span> <span class='ocrx_word' id='word_1_418' title='bbox 900 3751 969 3814; x_wconf 83' lang='lat' dir='ltr'><strong>dir,</strong></span> <span class='ocrx_word' id='word_1_419' title='bbox 987 3753 1044 3817; x_wconf 76' lang='lat' dir='ltr'><strong>qut</strong></span> <span class='ocrx_word' id='word_1_420' title='bbox 1066 3759 1118 3806; x_wconf 86' lang='lat' dir='ltr'><strong>etc.</strong></span> <span class='ocrx_word' id='word_1_421' title='bbox 1155 3750 1242 3807; x_wconf 89' lang='lat' dir='ltr'><strong>Ueber</strong></span> <span class='ocrx_word' id='word_1_422' title='bbox 1261 3746 1297 3803; x_wconf 85' lang='lat' dir='ltr'><strong>dte</strong></span> 
     </span>
     <span class='ocr_line' id='line_1_46' title="bbox 142 3814 1299 3886; baseline 0.003 -20"><span class='ocrx_word' id='word_1_423' title='bbox 142 3834 193 3872; x_wconf 88' lang='lat' dir='ltr'><strong>ror</strong></span> <span class='ocrx_word' id='word_1_424' title='bbox 211 3817 271 3870; x_wconf 92' lang='lat' dir='ltr'><strong>dem</strong></span> <span class='ocrx_word' id='word_1_425' title='bbox 283 3817 398 3872; x_wconf 88' lang='lat' dir='ltr'><strong>Process</strong></span> <span class='ocrx_word' id='word_1_426' title='bbox 412 3818 459 3872; x_wconf 88' lang='lat' dir='ltr'><strong>des</strong></span> <span class='ocrx_word' id='word_1_427' title='bbox 472 3818 607 3875; x_wconf 84' lang='lat' dir='ltr'><strong>Philotas,</strong></span> <span class='ocrx_word' id='word_1_428' title='bbox 626 3825 701 3873; x_wconf 78' lang='lat' dir='ltr'><strong>nam·</strong></span> <span class='ocrx_word' id='word_1_429' title='bbox 753 3817 948 3874; x_wconf 82' lang='lat' dir='ltr'><strong>construction</strong></span> <span class='ocrx_word' id='word_1_430' title='bbox 967 3835 988 3873; x_wconf 90' lang='lat' dir='ltr'><strong>s.</strong></span> <span class='ocrx_word' id='word_1_431' title='bbox 1002 3816 1069 3872; x_wconf 78' lang='lat' dir='ltr'><strong>liinl.</strong></span> <span class='ocrx_word' id='word_1_432' title='bbox 1083 3816 1102 3886; x_wconf 73' lang='lat' dir='ltr'>S</span> <span class='ocrx_word' id='word_1_433' title='bbox 1114 3822 1145 3870; x_wconf 78' lang='lat'><strong>21</strong></span> <span class='ocrx_word' id='word_1_434' title='bbox 1160 3818 1187 3874; x_wconf 91' lang='lat' dir='ltr'><strong>d.</strong></span> <span class='ocrx_word' id='word_1_435' title='bbox 1203 3846 1236 3856; x_wconf 89' lang='lat'><em>-</em></span> <span class='ocrx_word' id='word_1_436' title='bbox 1251 3814 1299 3870; x_wconf 84' lang='lat' dir='ltr'><strong>ol·</strong></span> 
     </span>
     <span class='ocr_line' id='line_1_47' title="bbox 142 3883 1298 3963; baseline -0.005 -24"><span class='ocrx_word' id='word_1_437' title='bbox 142 3884 195 3939; x_wconf 83' lang='lat' dir='ltr'><strong>tien</strong></span> <span class='ocrx_word' id='word_1_438' title='bbox 215 3888 278 3946; x_wconf 81' lang='lat'><strong>334,</strong></span> <span class='ocrx_word' id='word_1_439' title='bbox 303 3901 336 3939; x_wconf 88' lang='lat' dir='ltr'><strong>zu</strong></span> <span class='ocrx_word' id='word_1_440' title='bbox 354 3884 475 3940; x_wconf 88' lang='lat' dir='ltr'><strong>Phaselis</strong></span> <span class='ocrx_word' id='word_1_441' title='bbox 494 3885 609 3952; x_wconf 83' lang='lat' dir='ltr'><strong>criolgt,</strong></span> <span class='ocrx_word' id='word_1_442' title='bbox 629 3885 699 3963; x_wconf 81' lang='lat' dir='ltr'><strong>dcclx</strong></span> <span class='ocrx_word' id='word_1_443' title='bbox 752 3886 958 3949; x_wconf 82' lang='lat' dir='ltr'><strong>luctantem,</strong></span> <span class='ocrx_word' id='word_1_444' title='bbox 977 3884 1089 3940; x_wconf 89' lang='lat' dir='ltr'><strong>bildlich</strong></span> <span class='ocrx_word' id='word_1_445' title='bbox 1109 3886 1165 3941; x_wconf 83' lang='lat' dir='ltr'><strong>wie</strong></span> <span class='ocrx_word' id='word_1_446' title='bbox 1183 3890 1208 3938; x_wconf 86' lang='grc'><strong>6.</strong></span> <span class='ocrx_word' id='word_1_447' title='bbox 1226 3888 1249 3939; x_wconf 84' lang='grc'><strong>6.</strong></span> <span class='ocrx_word' id='word_1_448' title='bbox 1264 3883 1298 3933; x_wconf 82' lang='lat' dir='ltr'><strong>et.</strong></span> 
     </span>
     <span class='ocr_line' id='line_1_48' title="bbox 142 3948 1300 4031; baseline 0 -26"><span class='ocrx_word' id='word_1_449' title='bbox 142 3960 205 4028; x_wconf 70' lang='lat' dir='ltr'><strong>sagt</strong></span> <span class='ocrx_word' id='word_1_450' title='bbox 232 3952 306 4028; x_wconf 58' lang='lat' dir='ltr'><strong>aucit</strong></span> <span class='ocrx_word' id='word_1_451' title='bbox 329 3951 442 4031; x_wconf 76' lang='lat' dir='ltr'><strong>lliodqr:</strong></span> <span class='ocrx_word' id='word_1_452' title='bbox 470 3948 567 4020; x_wconf 79' lang='grc' dir='ltr'><strong><em>τριέτη</em></strong></span> <span class='ocrx_word' id='word_1_453' title='bbox 596 3969 699 4018; x_wconf 66' lang='lat' dir='ltr'><strong>pponam</strong></span> <span class='ocrx_word' id='word_1_454' title='bbox 752 3952 802 4006; x_wconf 81' lang='lat' dir='ltr'><strong>llas</strong></span> <span class='ocrx_word' id='word_1_455' title='bbox 830 3953 912 4007; x_wconf 90' lang='lat' dir='ltr'><strong>Wort</strong></span> <span class='ocrx_word' id='word_1_456' title='bbox 937 3953 974 4007; x_wconf 91' lang='lat' dir='ltr'><strong>ist</strong></span> <span class='ocrx_word' id='word_1_457' title='bbox 1000 3952 1126 4021; x_wconf 82' lang='lat' dir='ltr'><strong>poettsch</strong></span> <span class='ocrx_word' id='word_1_458' title='bbox 1149 3953 1206 4009; x_wconf 89' lang='lat' dir='ltr'><strong>und</strong></span> <span class='ocrx_word' id='word_1_459' title='bbox 1228 3948 1300 4007; x_wconf 81' lang='lat' dir='ltr'><strong>nach·</strong></span> 
     </span>
     <span class='ocr_line' id='line_1_49' title="bbox 144 4019 891 4087; baseline 0.008 -18"><span class='ocrx_word' id='word_1_460' title='bbox 144 4036 175 4070; x_wconf 76' lang='lat' dir='ltr'><strong>ev</strong></span> <span class='ocrx_word' id='word_1_461' title='bbox 194 4023 309 4087; x_wconf 77' lang='grc' dir='ltr'><em>φυλακῃ</em></span> <span class='ocrx_word' id='word_1_462' title='bbox 328 4037 511 4086; x_wconf 81' lang='grc' dir='ltr'><strong>τηρουμενος.</strong></span> <span class='ocrx_word' id='word_1_463' title='bbox 530 4047 562 4058; x_wconf 93' lang='lat'><strong>·-</strong></span> <span class='ocrx_word' id='word_1_464' title='bbox 580 4019 700 4076; x_wconf 77' lang='lat' dir='ltr'><strong>Delatus</strong></span> <span class='ocrx_word' id='word_1_465' title='bbox 752 4020 891 4075; x_wconf 84' lang='lat' dir='ltr'><strong>classisclr.</strong></span> 
     </span>
     <span class='ocr_line' id='line_1_50' title="bbox 141 4086 1296 4153; baseline -0.002 -13"><span class='ocrx_word' id='word_1_466' title='bbox 141 4108 174 4128; x_wconf 95' lang='lat'>=</span> <span class='ocrx_word' id='word_1_467' title='bbox 193 4086 338 4153; x_wconf 79' lang='grc' dir='ltr'><strong><em>μηνυθείς</em></strong></span> <span class='ocrx_word' id='word_1_468' title='bbox 361 4087 630 4151; x_wconf 81' lang='lat' dir='ltr'><strong>istnaclxclassiseh3</strong></span> <span class='ocrx_word' id='word_1_469' title='bbox 656 4088 700 4142; x_wconf 91' lang='lat' dir='ltr'><strong>die</strong></span> <span class='ocrx_word' id='word_1_470' title='bbox 791 4091 830 4142; x_wconf 89' lang='lat'><strong>10.</strong></span> <span class='ocrx_word' id='word_1_471' title='bbox 857 4090 1034 4153; x_wconf 74' lang='lat' dir='ltr'><strong>Amyntam</strong></span> <span class='ocrx_word' id='word_1_472' title='bbox 1066 4094 1098 4143; x_wconf 86' lang='lat' dir='ltr'><strong>et</strong></span> <span class='ocrx_word' id='word_1_473' title='bbox 1126 4088 1296 4143; x_wconf 79' lang='lat' dir='ltr'><strong>Simmiam.</strong></span> 
     </span>
     <span class='ocr_line' id='line_1_51' title="bbox 143 4152 1295 4221; baseline -0.001 -15"><span class='ocrx_word' id='word_1_474' title='bbox 143 4153 278 4208; x_wconf 84' lang='lat' dir='ltr'><strong>Classiker</strong></span> <span class='ocrx_word' id='word_1_475' title='bbox 307 4152 394 4208; x_wconf 88' lang='lat' dir='ltr'><strong>haben</strong></span> <span class='ocrx_word' id='word_1_476' title='bbox 425 4171 477 4208; x_wconf 95' lang='lat' dir='ltr'><strong>nur</strong></span> <span class='ocrx_word' id='word_1_477' title='bbox 506 4155 549 4209; x_wconf 93' lang='lat' dir='ltr'><strong>die</strong></span> <span class='ocrx_word' id='word_1_478' title='bbox 578 4154 698 4210; x_wconf 89' lang='lat' dir='ltr'><strong>Phrasen</strong></span> <span class='ocrx_word' id='word_1_479' title='bbox 751 4153 839 4209; x_wconf 85' lang='lat' dir='ltr'><strong>Ueber</strong></span> <span class='ocrx_word' id='word_1_480' title='bbox 857 4156 988 4221; x_wconf 79' lang='lat' dir='ltr'><strong>Amyntas</strong></span> <span class='ocrx_word' id='word_1_481' title='bbox 1007 4173 1029 4211; x_wconf 89' lang='lat' dir='ltr'><strong>s.</strong></span> <span class='ocrx_word' id='word_1_482' title='bbox 1046 4158 1072 4209; x_wconf 85' lang='lat'><strong>6.</strong></span> <span class='ocrx_word' id='word_1_483' title='bbox 1084 4160 1108 4210; x_wconf 77' lang='lat' dir='ltr'><strong>t.</strong></span> <span class='ocrx_word' id='word_1_484' title='bbox 1122 4159 1161 4211; x_wconf 87' lang='lat'><strong>15.</strong></span> <span class='ocrx_word' id='word_1_485' title='bbox 1191 4152 1295 4211; x_wconf 85' lang='lat' dir='ltr'><strong>llerlla·</strong></span> 
     </span>
     <span class='ocr_line' id='line_1_52' title="bbox 140 4218 1296 4297; baseline 0 -25"><span class='ocrx_word' id='word_1_486' title='bbox 140 4220 258 4287; x_wconf 80' lang='lat' dir='ltr'><strong>deferre</strong></span> <span class='ocrx_word' id='word_1_487' title='bbox 269 4237 378 4283; x_wconf 88' lang='lat' dir='ltr'><strong>nomen,</strong></span> <span class='ocrx_word' id='word_1_488' title='bbox 391 4224 499 4276; x_wconf 85' lang='lat' dir='ltr'><strong>crimen</strong></span> <span class='ocrx_word' id='word_1_489' title='bbox 509 4223 698 4278; x_wconf 80' lang='lat' dir='ltr'><strong>alicninsund</strong></span> <span class='ocrx_word' id='word_1_490' title='bbox 751 4229 795 4277; x_wconf 90' lang='lat' dir='ltr'><strong>ter</strong></span> <span class='ocrx_word' id='word_1_491' title='bbox 816 4221 865 4277; x_wconf 91' lang='lat' dir='ltr'><strong>der</strong></span> <span class='ocrx_word' id='word_1_492' title='bbox 892 4222 950 4277; x_wconf 81' lang='lat' dir='ltr'><strong>circi</strong></span> <span class='ocrx_word' id='word_1_493' title='bbox 971 4222 1077 4278; x_wconf 83' lang='lat' dir='ltr'><strong>Bruder</strong></span> <span class='ocrx_word' id='word_1_494' title='bbox 1105 4223 1178 4278; x_wconf 85' lang='lat' dir='ltr'><strong>hiess</strong></span> <span class='ocrx_word' id='word_1_495' title='bbox 1201 4218 1296 4297; x_wconf 76' lang='lat' dir='ltr'><strong>Andro-</strong></span> 
     </span>
     <span class='ocr_line' id='line_1_53' title="bbox 141 4286 1297 4357; baseline 0.004 -19"><span class='ocrx_word' id='word_1_496' title='bbox 141 4286 251 4352; x_wconf 73' lang='lat' dir='ltr'><strong>aliquid</strong></span> <span class='ocrx_word' id='word_1_497' title='bbox 281 4288 315 4343; x_wconf 87' lang='lat' dir='ltr'><strong>de</strong></span> <span class='ocrx_word' id='word_1_498' title='bbox 345 4290 447 4356; x_wconf 77' lang='lat' dir='ltr'><strong>aliquo.</strong></span> <span class='ocrx_word' id='word_1_499' title='bbox 488 4288 546 4356; x_wconf 82' lang='lat' dir='ltr'><strong>Vgl.</strong></span> <span class='ocrx_word' id='word_1_500' title='bbox 571 4290 699 4345; x_wconf 75' lang='lat' dir='ltr'><strong>detectus</strong></span> <span class='ocrx_word' id='word_1_501' title='bbox 750 4305 853 4345; x_wconf 91' lang='lat' dir='ltr'><strong>menes.</strong></span> <span class='ocrx_word' id='word_1_502' title='bbox 882 4289 970 4345; x_wconf 77' lang='lat' dir='ltr'><strong>Uelror</strong></span> <span class='ocrx_word' id='word_1_503' title='bbox 987 4288 1297 4357; x_wconf 75' lang='lat' dir='ltr'><strong>ihreliangstellungmt</strong></span> 
     </span>
    </p>
   </div>
   <div class='ocr_carea' id='block_1_4' title="bbox 0 0 1380 4776">
    <p class='ocr_par' dir='ltr' id='par_1_7' title="bbox 0 0 1380 4776">
     <span class='ocr_line' id='line_1_54' title="bbox 0 0 1380 4776; baseline 0 1"><span class='ocrx_word' id='word_1_504' title='bbox 0 0 1380 4776; x_wconf 95' lang='lat' dir='ltr'><strong> </strong></span> 
     </span>
    </p>
   </div>
  </div>
 </body>
</html>
