<?xml version="1.0" encoding="UTF-8"?>
<!DOCTYPE html PUBLIC "-//W3C//DTD XHTML 1.0 Transitional//EN"
    "http://www.w3.org/TR/xhtml1/DTD/xhtml1-transitional.dtd">
<html xmlns="http://www.w3.org/1999/xhtml" xml:lang="en" lang="en">
 <head>
  <title>
</title>
<meta http-equiv="Content-Type" content="text/html;charset=utf-8" />
  <meta name='ocr-system' content='tesseract 3.04.00' />
  <meta name='ocr-capabilities' content='ocr_page ocr_carea ocr_par ocr_line ocrx_word'/>
</head>
<body>
  <div class='ocr_page' id='page_1' title='image "./qcurtirufihisto00rufugoog_0271.png"; bbox 0 0 2752 4776; ppageno 0'>
   <div class='ocr_carea' id='block_1_1' title="bbox 91 219 807 293">
    <p class='ocr_par' dir='ltr' id='par_1_1' title="bbox 91 219 807 293">
     <span class='ocr_line' id='line_1_1' title="bbox 91 219 807 293; baseline -0.007 -9"><span class='ocrx_word' id='word_1_1' title='bbox 91 219 134 284; x_wconf 77' lang='lat'><strong>54</strong></span> <span class='ocrx_word' id='word_1_2' title='bbox 545 234 577 293; x_wconf 83' lang='lat' dir='ltr'><strong>Q.</strong></span> <span class='ocrx_word' id='word_1_3' title='bbox 602 234 704 283; x_wconf 84' lang='grc'><strong>333333</strong></span> <span class='ocrx_word' id='word_1_4' title='bbox 727 234 807 281; x_wconf 81' lang='lat' dir='ltr'><strong>uum</strong></span> 
     </span>
    </p>
   </div>
   <div class='ocr_carea' id='block_1_2' title="bbox 41 388 1255 976">
    <p class='ocr_par' dir='ltr' id='par_1_2' title="bbox 41 388 1255 976">
     <span class='ocr_line' id='line_1_2' title="bbox 92 388 1253 469; baseline 0.001 -20"><span class='ocrx_word' id='word_1_5' title='bbox 92 396 277 451; x_wconf 84' lang='lat' dir='ltr'><strong>sacramento</strong></span> <span class='ocrx_word' id='word_1_6' title='bbox 301 392 421 469; x_wconf 89' lang='lat' dir='ltr'><strong>pietatis</strong></span> <span class='ocrx_word' id='word_1_7' title='bbox 442 389 575 451; x_wconf 75' lang='lat' dir='ltr'><strong>obstricti</strong></span> <span class='ocrx_word' id='word_1_8' title='bbox 590 408 795 452; x_wconf 80' lang='lat' dir='ltr'><strong>aversaremur</strong></span> <span class='ocrx_word' id='word_1_9' title='bbox 810 390 931 460; x_wconf 87' lang='grc'><strong>33111331,</strong></span> <span class='ocrx_word' id='word_1_10' title='bbox 955 406 1044 467; x_wconf 87' lang='lat' dir='ltr'><strong>quem</strong></span> <span class='ocrx_word' id='word_1_11' title='bbox 1068 396 1100 449; x_wconf 93' lang='grc'><strong>13</strong></span> <span class='ocrx_word' id='word_1_12' title='bbox 1122 388 1253 451; x_wconf 85' lang='lat' dir='ltr'><strong>omnibus</strong></span> 
     </span>
     <span class='ocr_line' id='line_1_3' title="bbox 41 472 1252 553; baseline -0.002 -18"><span class='ocrx_word' id='word_1_13' title='bbox 41 486 75 535; x_wconf 88' lang='grc' dir='ltr'><strong>3ο</strong></span> <span class='ocrx_word' id='word_1_14' title='bbox 93 475 300 553; x_wconf 73' lang='lat' dir='ltr'><strong>praeferebas!</strong></span> <span class='ocrx_word' id='word_1_15' title='bbox 346 475 454 552; x_wconf 81' lang='lat' dir='ltr'><strong>igitur,</strong></span> <span class='ocrx_word' id='word_1_16' title='bbox 483 476 508 533; x_wconf 86' lang='lat' dir='ltr'><strong>si</strong></span> <span class='ocrx_word' id='word_1_17' title='bbox 531 476 587 535; x_wconf 87' lang='lat' dir='ltr'><strong>hoe</strong></span> <span class='ocrx_word' id='word_1_18' title='bbox 609 477 722 535; x_wconf 81' lang='lat' dir='ltr'><strong>crimen</strong></span> <span class='ocrx_word' id='word_1_19' title='bbox 746 482 804 541; x_wconf 91' lang='lat' dir='ltr'><strong>est,</strong></span> <span class='ocrx_word' id='word_1_20' title='bbox 828 492 938 553; x_wconf 85' lang='lat' dir='ltr'><strong>paucos</strong></span> <span class='ocrx_word' id='word_1_21' title='bbox 960 477 1136 535; x_wconf 88' lang='lat' dir='ltr'><strong>innocentes</strong></span> <span class='ocrx_word' id='word_1_22' title='bbox 1157 472 1252 541; x_wconf 85' lang='lat' dir='ltr'><strong>hahes,</strong></span> 
     </span>
     <span class='ocr_line' id='line_1_4' title="bbox 92 558 1254 629; baseline -0.001 -11"><span class='ocrx_word' id='word_1_23' title='bbox 92 562 196 629; x_wconf 91' lang='lat' dir='ltr'><strong>immo,</strong></span> <span class='ocrx_word' id='word_1_24' title='bbox 227 558 377 627; x_wconf 87' lang='lat' dir='ltr'><strong>heroufes,</strong></span> <span class='ocrx_word' id='word_1_25' title='bbox 407 560 565 619; x_wconf 90' lang='lat' dir='ltr'><strong>neminem.</strong></span> <span class='ocrx_word' id='word_1_26' title='bbox 611 559 721 621; x_wconf 84' lang='lat' dir='ltr'><strong>Omnes</strong></span> <span class='ocrx_word' id='word_1_27' title='bbox 749 560 828 619; x_wconf 90' lang='lat' dir='ltr'><strong>enim</strong></span> <span class='ocrx_word' id='word_1_28' title='bbox 851 558 982 619; x_wconf 79' lang='lat' dir='ltr'><strong>Philotae</strong></span> <span class='ocrx_word' id='word_1_29' title='bbox 1005 559 1093 618; x_wconf 84' lang='lat' dir='ltr'><strong>amici</strong></span> <span class='ocrx_word' id='word_1_30' title='bbox 1123 576 1189 618; x_wconf 88' lang='lat' dir='ltr'><strong>esse</strong></span> <span class='ocrx_word' id='word_1_31' title='bbox 1211 576 1254 617; x_wconf 89' lang='lat' dir='ltr'><strong>ro·</strong></span> 
     </span>
     <span class='ocr_line' id='line_1_5' title="bbox 92 641 1255 721; baseline -0.001 -19"><span class='ocrx_word' id='word_1_32' title='bbox 92 644 220 713; x_wconf 87' lang='lat' dir='ltr'><strong>fuerunt,</strong></span> <span class='ocrx_word' id='word_1_33' title='bbox 243 642 296 703; x_wconf 89' lang='lat' dir='ltr'><strong>sed</strong></span> <span class='ocrx_word' id='word_1_34' title='bbox 319 643 454 713; x_wconf 88' lang='lat' dir='ltr'><strong>totidem,</strong></span> <span class='ocrx_word' id='word_1_35' title='bbox 479 653 550 721; x_wconf 84' lang='lat' dir='ltr'><strong>quot</strong></span> <span class='ocrx_word' id='word_1_36' title='bbox 571 642 708 704; x_wconf 88' lang='lat' dir='ltr'><strong>rofehaut</strong></span> <span class='ocrx_word' id='word_1_37' title='bbox 730 661 814 713; x_wconf 87' lang='lat' dir='ltr'><strong>esse,</strong></span> <span class='ocrx_word' id='word_1_38' title='bbox 838 661 897 702; x_wconf 91' lang='lat' dir='ltr'><strong>non</strong></span> <span class='ocrx_word' id='word_1_39' title='bbox 920 650 1066 721; x_wconf 73' lang='lat' dir='ltr'><strong>poterant.</strong></span> <span class='ocrx_word' id='word_1_40' title='bbox 1112 641 1170 711; x_wconf 82' lang='lat' dir='ltr'><strong>lta,</strong></span> <span class='ocrx_word' id='word_1_41' title='bbox 1197 643 1221 702; x_wconf 94' lang='lat' dir='ltr'><strong>si</strong></span> <span class='ocrx_word' id='word_1_42' title='bbox 1241 660 1255 701; x_wconf 92' lang='lat' dir='ltr'><strong>a</strong></span> 
     </span>
     <span class='ocr_line' id='line_1_6' title="bbox 95 726 1253 806; baseline 0.003 -20"><span class='ocrx_word' id='word_1_43' title='bbox 95 729 220 787; x_wconf 86' lang='lat' dir='ltr'><strong>consciis</strong></span> <span class='ocrx_word' id='word_1_44' title='bbox 242 729 352 788; x_wconf 89' lang='lat' dir='ltr'><strong>amieos</strong></span> <span class='ocrx_word' id='word_1_45' title='bbox 376 745 434 787; x_wconf 92' lang='lat' dir='ltr'><strong>nou</strong></span> <span class='ocrx_word' id='word_1_46' title='bbox 458 727 577 797; x_wconf 88' lang='lat' dir='ltr'><strong>dividis,</strong></span> <span class='ocrx_word' id='word_1_47' title='bbox 609 746 645 787; x_wconf 91' lang='lat' dir='ltr'><strong>ue</strong></span> <span class='ocrx_word' id='word_1_48' title='bbox 674 727 710 789; x_wconf 91' lang='lat' dir='ltr'><strong>ah</strong></span> <span class='ocrx_word' id='word_1_49' title='bbox 740 728 840 787; x_wconf 90' lang='lat' dir='ltr'><strong>amieis</strong></span> <span class='ocrx_word' id='word_1_50' title='bbox 863 727 983 804; x_wconf 87' lang='lat' dir='ltr'><strong>quidem</strong></span> <span class='ocrx_word' id='word_1_51' title='bbox 1006 728 1162 806; x_wconf 84' lang='lat' dir='ltr'><strong>separabis</strong></span> <span class='ocrx_word' id='word_1_52' title='bbox 1185 726 1253 799; x_wconf 86' lang='grc'><strong>11133,</strong></span> 
     </span>
     <span class='ocr_line' id='line_1_7' title="bbox 42 810 1254 890; baseline 0.001 -19"><span class='ocrx_word' id='word_1_53' title='bbox 42 812 242 890; x_wconf 75' lang='grc'><strong>3333113333</strong></span> <span class='ocrx_word' id='word_1_54' title='bbox 266 830 330 873; x_wconf 91' lang='lat' dir='ltr'><strong>esse</strong></span> <span class='ocrx_word' id='word_1_55' title='bbox 353 810 518 873; x_wconf 86' lang='lat' dir='ltr'><strong>voluerunt.</strong></span> <span class='ocrx_word' id='word_1_56' title='bbox 563 811 647 883; x_wconf 85' lang='lat' dir='ltr'><strong>Quod</strong></span> <span class='ocrx_word' id='word_1_57' title='bbox 675 814 766 889; x_wconf 85' lang='lat' dir='ltr'><strong>igitur</strong></span> <span class='ocrx_word' id='word_1_58' title='bbox 796 813 993 874; x_wconf 83' lang='lat' dir='ltr'><strong>conscientiae</strong></span> <span class='ocrx_word' id='word_1_59' title='bbox 1023 810 1158 873; x_wconf 80' lang='lat' dir='ltr'><strong>adfertur</strong></span> <span class='ocrx_word' id='word_1_60' title='bbox 1185 812 1254 873; x_wconf 91' lang='lat' dir='ltr'><strong>indi·</strong></span> 
     </span>
     <span class='ocr_line' id='line_1_8' title="bbox 94 895 1253 976; baseline 0.001 -21"><span class='ocrx_word' id='word_1_61' title='bbox 94 898 192 957; x_wconf 79' lang='lat' dir='ltr'><strong>oium?</strong></span> <span class='ocrx_word' id='word_1_62' title='bbox 239 898 275 958; x_wconf 88' lang='lat' dir='ltr'><strong>Ut</strong></span> <span class='ocrx_word' id='word_1_63' title='bbox 297 900 421 976; x_wconf 89' lang='lat' dir='ltr'><strong>opinor,</strong></span> <span class='ocrx_word' id='word_1_64' title='bbox 445 898 514 973; x_wconf 80' lang='lat' dir='ltr'><strong>quia</strong></span> <span class='ocrx_word' id='word_1_65' title='bbox 537 896 632 975; x_wconf 83' lang='lat' dir='ltr'><strong>pridie</strong></span> <span class='ocrx_word' id='word_1_66' title='bbox 655 895 839 957; x_wconf 80' lang='lat' dir='ltr'><strong>familiariter</strong></span> <span class='ocrx_word' id='word_1_67' title='bbox 862 903 891 956; x_wconf 89' lang='lat' dir='ltr'><strong>et</strong></span> <span class='ocrx_word' id='word_1_68' title='bbox 913 899 977 957; x_wconf 91' lang='lat' dir='ltr'><strong>siue</strong></span> <span class='ocrx_word' id='word_1_69' title='bbox 1000 896 1123 957; x_wconf 87' lang='lat' dir='ltr'><strong>arbitris</strong></span> <span class='ocrx_word' id='word_1_70' title='bbox 1146 896 1253 958; x_wconf 88' lang='lat' dir='ltr'><strong>ioeutus</strong></span> 
     </span>
    </p>
   </div>
   <div class='ocr_carea' id='block_1_3' title="bbox 41 980 1272 2154">
    <p class='ocr_par' dir='ltr' id='par_1_3' title="bbox 41 980 1272 2154">
     <span class='ocr_line' id='line_1_9' title="bbox 96 980 1253 1061; baseline 0.002 -20"><span class='ocrx_word' id='word_1_71' title='bbox 96 990 141 1041; x_wconf 87' lang='lat' dir='ltr'><strong>est</strong></span> <span class='ocrx_word' id='word_1_72' title='bbox 170 980 338 1042; x_wconf 87' lang='lat' dir='ltr'><strong>nobiscum!</strong></span> <span class='ocrx_word' id='word_1_73' title='bbox 384 986 420 1040; x_wconf 80' lang='lat' dir='ltr'><strong>At</strong></span> <span class='ocrx_word' id='word_1_74' title='bbox 449 999 502 1058; x_wconf 84' lang='lat' dir='ltr'><strong>ego</strong></span> <span class='ocrx_word' id='word_1_75' title='bbox 532 998 661 1060; x_wconf 82' lang='lat' dir='ltr'><strong>purgare</strong></span> <span class='ocrx_word' id='word_1_76' title='bbox 689 999 748 1040; x_wconf 93' lang='lat' dir='ltr'><strong>non</strong></span> <span class='ocrx_word' id='word_1_77' title='bbox 772 998 904 1057; x_wconf 86' lang='lat' dir='ltr'><strong>possem,</strong></span> <span class='ocrx_word' id='word_1_78' title='bbox 935 983 961 1040; x_wconf 94' lang='lat' dir='ltr'><strong>si</strong></span> <span class='ocrx_word' id='word_1_79' title='bbox 983 981 1079 1059; x_wconf 89' lang='lat' dir='ltr'><strong>pridie</strong></span> <span class='ocrx_word' id='word_1_80' title='bbox 1103 982 1253 1061; x_wconf 79' lang='lat' dir='ltr'><strong>quiequam</strong></span> 
     </span>
     <span class='ocr_line' id='line_1_10' title="bbox 93 1065 1252 1135; baseline 0.003 -11"><span class='ocrx_word' id='word_1_81' title='bbox 93 1084 128 1124; x_wconf 85' lang='lat' dir='ltr'><strong>ex</strong></span> <span class='ocrx_word' id='word_1_82' title='bbox 154 1073 253 1126; x_wconf 83' lang='lat' dir='ltr'><strong>vetere</strong></span> <span class='ocrx_word' id='word_1_83' title='bbox 276 1068 332 1125; x_wconf 87' lang='lat' dir='ltr'><strong>rita</strong></span> <span class='ocrx_word' id='word_1_84' title='bbox 355 1084 390 1124; x_wconf 89' lang='lat' dir='ltr'><strong>ao</strong></span> <span class='ocrx_word' id='word_1_85' title='bbox 413 1084 495 1125; x_wconf 91' lang='lat' dir='ltr'><strong>more</strong></span> <span class='ocrx_word' id='word_1_86' title='bbox 519 1074 689 1126; x_wconf 84' lang='lat' dir='ltr'><strong>mutassem.</strong></span> <span class='ocrx_word' id='word_1_87' title='bbox 728 1065 812 1126; x_wconf 83' lang='lat' dir='ltr'><strong>Nune</strong></span> <span class='ocrx_word' id='word_1_88' title='bbox 829 1083 908 1135; x_wconf 81' lang='lat' dir='ltr'><strong>vero,</strong></span> <span class='ocrx_word' id='word_1_89' title='bbox 931 1068 965 1133; x_wconf 88' lang='lat' dir='ltr'><strong>si,</strong></span> <span class='ocrx_word' id='word_1_90' title='bbox 991 1074 1024 1126; x_wconf 93' lang='lat' dir='ltr'><strong>ut</strong></span> <span class='ocrx_word' id='word_1_91' title='bbox 1046 1066 1184 1127; x_wconf 91' lang='lat' dir='ltr'><strong>omnihus</strong></span> <span class='ocrx_word' id='word_1_92' title='bbox 1198 1067 1252 1127; x_wconf 87' lang='lat' dir='ltr'><strong>die·</strong></span> 
     </span>
     <span class='ocr_line' id='line_1_11' title="bbox 93 1149 1252 1229; baseline 0.002 -20"><span class='ocrx_word' id='word_1_93' title='bbox 93 1149 163 1218; x_wconf 82' lang='lat' dir='ltr'><strong>bus,</strong></span> <span class='ocrx_word' id='word_1_94' title='bbox 193 1149 243 1210; x_wconf 89' lang='grc'><strong>1113</strong></span> <span class='ocrx_word' id='word_1_95' title='bbox 272 1168 406 1229; x_wconf 80' lang='lat' dir='ltr'><strong>quoquo,</strong></span> <span class='ocrx_word' id='word_1_96' title='bbox 436 1152 487 1225; x_wconf 83' lang='lat' dir='ltr'><strong>qui</strong></span> <span class='ocrx_word' id='word_1_97' title='bbox 515 1158 672 1227; x_wconf 82' lang='lat' dir='ltr'><strong>suspectus</strong></span> <span class='ocrx_word' id='word_1_98' title='bbox 695 1156 752 1217; x_wconf 91' lang='lat' dir='ltr'><strong>est,</strong></span> <span class='ocrx_word' id='word_1_99' title='bbox 783 1149 921 1220; x_wconf 87' lang='lat' dir='ltr'><strong>fecimus,</strong></span> <span class='ocrx_word' id='word_1_100' title='bbox 952 1150 1137 1211; x_wconf 79' lang='lat' dir='ltr'><strong>consuetudo</strong></span> <span class='ocrx_word' id='word_1_101' title='bbox 1168 1150 1252 1211; x_wconf 86' lang='lat' dir='ltr'><strong>diluet</strong></span> 
     </span>
     <span class='ocr_line' id='line_1_12' title="bbox 41 1228 1272 1313; baseline 0.002 -22"><span class='ocrx_word' id='word_1_102' title='bbox 41 1244 74 1291; x_wconf 82' lang='grc'><strong>33</strong></span> <span class='ocrx_word' id='word_1_103' title='bbox 93 1235 217 1293; x_wconf 85' lang='lat' dir='ltr'><strong>crimen.</strong></span> <span class='ocrx_word' id='word_1_104' title='bbox 263 1233 319 1293; x_wconf 86' lang='lat' dir='ltr'><strong>Sed</strong></span> <span class='ocrx_word' id='word_1_105' title='bbox 344 1252 435 1311; x_wconf 88' lang='lat' dir='ltr'><strong>equos</strong></span> <span class='ocrx_word' id='word_1_106' title='bbox 458 1234 618 1313; x_wconf 80' lang='lat' dir='ltr'><strong>Antiphani</strong></span> <span class='ocrx_word' id='word_1_107' title='bbox 641 1253 700 1294; x_wconf 91' lang='lat' dir='ltr'><strong>non</strong></span> <span class='ocrx_word' id='word_1_108' title='bbox 729 1233 861 1294; x_wconf 87' lang='lat' dir='ltr'><strong>dedimus</strong></span> <span class='ocrx_word' id='word_1_109' title='bbox 890 1243 919 1294; x_wconf 91' lang='lat' dir='ltr'><strong>et</strong></span> <span class='ocrx_word' id='word_1_110' title='bbox 944 1234 1052 1313; x_wconf 90' lang='lat' dir='ltr'><strong>pridie,</strong></span> <span class='ocrx_word' id='word_1_111' title='bbox 1079 1252 1167 1311; x_wconf 85' lang='lat' dir='ltr'><strong>quam</strong></span> <span class='ocrx_word' id='word_1_112' title='bbox 1190 1228 1272 1295; x_wconf 75' lang='lat' dir='ltr'><strong>Phi-h</strong></span> 
     </span>
     <span class='ocr_line' id='line_1_13' title="bbox 92 1316 1250 1397; baseline 0.003 -22"><span class='ocrx_word' id='word_1_113' title='bbox 92 1317 167 1377; x_wconf 87' lang='grc'><strong>13133</strong></span> <span class='ocrx_word' id='word_1_114' title='bbox 189 1318 322 1379; x_wconf 84' lang='lat' dir='ltr'><strong>detectus</strong></span> <span class='ocrx_word' id='word_1_115' title='bbox 345 1326 405 1387; x_wconf 86' lang='lat' dir='ltr'><strong>est,</strong></span> <span class='ocrx_word' id='word_1_116' title='bbox 434 1316 506 1378; x_wconf 90' lang='lat' dir='ltr'><strong>haec</strong></span> <span class='ocrx_word' id='word_1_117' title='bbox 535 1319 608 1379; x_wconf 89' lang='lat' dir='ltr'><strong>mihi</strong></span> <span class='ocrx_word' id='word_1_118' title='bbox 631 1337 697 1378; x_wconf 90' lang='lat' dir='ltr'><strong>oum</strong></span> <span class='ocrx_word' id='word_1_119' title='bbox 720 1319 885 1397; x_wconf 77' lang='lat' dir='ltr'><strong>Antiphane</strong></span> <span class='ocrx_word' id='word_1_120' title='bbox 907 1336 955 1379; x_wconf 91' lang='lat' dir='ltr'><strong>res</strong></span> <span class='ocrx_word' id='word_1_121' title='bbox 978 1320 1056 1380; x_wconf 81' lang='lat' dir='ltr'><strong>erati</strong></span> <span class='ocrx_word' id='word_1_122' title='bbox 1085 1320 1137 1397; x_wconf 86' lang='lat' dir='ltr'><strong>qui</strong></span> <span class='ocrx_word' id='word_1_123' title='bbox 1159 1320 1184 1379; x_wconf 93' lang='lat' dir='ltr'><strong>si</strong></span> <span class='ocrx_word' id='word_1_124' title='bbox 1204 1337 1250 1379; x_wconf 89' lang='lat' dir='ltr'><strong>nos</strong></span> 
     </span>
     <span class='ocr_line' id='line_1_14' title="bbox 92 1400 1249 1481; baseline 0.003 -20"><span class='ocrx_word' id='word_1_125' title='bbox 92 1410 248 1479; x_wconf 84' lang='lat' dir='ltr'><strong>suspectos</strong></span> <span class='ocrx_word' id='word_1_126' title='bbox 271 1400 368 1461; x_wconf 88' lang='lat' dir='ltr'><strong>facere</strong></span> <span class='ocrx_word' id='word_1_127' title='bbox 391 1401 465 1475; x_wconf 86' lang='lat' dir='ltr'><strong>ruit,</strong></span> <span class='ocrx_word' id='word_1_128' title='bbox 496 1403 574 1480; x_wconf 82' lang='lat' dir='ltr'><strong>quod</strong></span> <span class='ocrx_word' id='word_1_129' title='bbox 603 1402 652 1462; x_wconf 88' lang='lat' dir='ltr'><strong>iffo</strong></span> <span class='ocrx_word' id='word_1_130' title='bbox 676 1403 723 1463; x_wconf 89' lang='lat' dir='ltr'><strong>die</strong></span> <span class='ocrx_word' id='word_1_131' title='bbox 747 1421 836 1481; x_wconf 82' lang='lat' dir='ltr'><strong>equos</strong></span> <span class='ocrx_word' id='word_1_132' title='bbox 860 1421 919 1462; x_wconf 90' lang='lat' dir='ltr'><strong>uon</strong></span> <span class='ocrx_word' id='word_1_133' title='bbox 942 1402 1129 1471; x_wconf 89' lang='lat' dir='ltr'><strong>dederimus,</strong></span> <span class='ocrx_word' id='word_1_134' title='bbox 1153 1412 1249 1464; x_wconf 88' lang='lat' dir='ltr'><strong>semet·</strong></span> 
     </span>
     <span class='ocr_line' id='line_1_15' title="bbox 42 1485 1248 1566; baseline 0.002 -21"><span class='ocrx_word' id='word_1_135' title='bbox 42 1496 75 1545; x_wconf 91' lang='grc'><strong>33</strong></span> <span class='ocrx_word' id='word_1_136' title='bbox 93 1487 200 1563; x_wconf 87' lang='lat' dir='ltr'><strong>ipsum,</strong></span> <span class='ocrx_word' id='word_1_137' title='bbox 224 1486 302 1564; x_wconf 88' lang='lat' dir='ltr'><strong>quod</strong></span> <span class='ocrx_word' id='word_1_138' title='bbox 325 1504 375 1545; x_wconf 91' lang='lat' dir='ltr'><strong>eos</strong></span> <span class='ocrx_word' id='word_1_139' title='bbox 398 1485 621 1556; x_wconf 82' lang='lat' dir='ltr'><strong>desiderauerit,</strong></span> <span class='ocrx_word' id='word_1_140' title='bbox 646 1505 774 1564; x_wconf 83' lang='lat' dir='ltr'><strong>purgare</strong></span> <span class='ocrx_word' id='word_1_141' title='bbox 796 1505 855 1548; x_wconf 92' lang='lat' dir='ltr'><strong>non</strong></span> <span class='ocrx_word' id='word_1_142' title='bbox 879 1490 996 1565; x_wconf 89' lang='lat' dir='ltr'><strong>poterit.</strong></span> <span class='ocrx_word' id='word_1_143' title='bbox 1041 1490 1158 1566; x_wconf 80' lang='lat' dir='ltr'><strong>Anceps</strong></span> <span class='ocrx_word' id='word_1_144' title='bbox 1180 1490 1248 1549; x_wconf 90' lang='lat' dir='ltr'><strong>enim</strong></span> 
     </span>
     <span class='ocr_line' id='line_1_16' title="bbox 93 1570 1248 1650; baseline 0.003 -22"><span class='ocrx_word' id='word_1_145' title='bbox 93 1571 206 1629; x_wconf 85' lang='lat' dir='ltr'><strong>crimen</strong></span> <span class='ocrx_word' id='word_1_146' title='bbox 235 1578 280 1629; x_wconf 92' lang='lat' dir='ltr'><strong>est</strong></span> <span class='ocrx_word' id='word_1_147' title='bbox 307 1571 386 1630; x_wconf 90' lang='lat' dir='ltr'><strong>inter</strong></span> <span class='ocrx_word' id='word_1_148' title='bbox 414 1572 591 1631; x_wconf 88' lang='lat' dir='ltr'><strong>retinentem</strong></span> <span class='ocrx_word' id='word_1_149' title='bbox 620 1580 649 1631; x_wconf 92' lang='lat' dir='ltr'><strong>et</strong></span> <span class='ocrx_word' id='word_1_150' title='bbox 677 1574 859 1649; x_wconf 84' lang='lat' dir='ltr'><strong>exigentem:</strong></span> <span class='ocrx_word' id='word_1_151' title='bbox 887 1573 946 1631; x_wconf 90' lang='lat' dir='ltr'><strong>nisi</strong></span> <span class='ocrx_word' id='word_1_152' title='bbox 974 1572 1054 1650; x_wconf 84' lang='lat' dir='ltr'><strong>quod</strong></span> <span class='ocrx_word' id='word_1_153' title='bbox 1083 1570 1187 1631; x_wconf 86' lang='lat' dir='ltr'><strong>mehor</strong></span> <span class='ocrx_word' id='word_1_154' title='bbox 1213 1580 1248 1631; x_wconf 86' lang='lat' dir='ltr'><strong>est</strong></span> 
     </span>
     <span class='ocr_line' id='line_1_17' title="bbox 41 1655 1245 1734; baseline 0.002 -21"><span class='ocrx_word' id='word_1_155' title='bbox 41 1662 75 1713; x_wconf 85' lang='grc'><strong>34</strong></span> <span class='ocrx_word' id='word_1_156' title='bbox 93 1671 182 1713; x_wconf 85' lang='grc'><strong>33333</strong></span> <span class='ocrx_word' id='word_1_157' title='bbox 205 1672 291 1714; x_wconf 91' lang='lat' dir='ltr'><strong>suum</strong></span> <span class='ocrx_word' id='word_1_158' title='bbox 315 1672 375 1714; x_wconf 91' lang='lat' dir='ltr'><strong>non</strong></span> <span class='ocrx_word' id='word_1_159' title='bbox 397 1655 552 1724; x_wconf 89' lang='lat' dir='ltr'><strong>tradentis,</strong></span> <span class='ocrx_word' id='word_1_160' title='bbox 576 1674 663 1734; x_wconf 81' lang='lat' dir='ltr'><strong>quam</strong></span> <span class='ocrx_word' id='word_1_161' title='bbox 680 1658 829 1734; x_wconf 86' lang='lat' dir='ltr'><strong>poscentis</strong></span> <span class='ocrx_word' id='word_1_162' title='bbox 844 1655 984 1716; x_wconf 90' lang='lat' dir='ltr'><strong>alienum.</strong></span> <span class='ocrx_word' id='word_1_163' title='bbox 1022 1656 1173 1726; x_wconf 86' lang='lat' dir='ltr'><strong>Ceterum,</strong></span> <span class='ocrx_word' id='word_1_164' title='bbox 1194 1674 1245 1723; x_wconf 85' lang='lat' dir='ltr'><strong>rer,</strong></span> 
     </span>
     <span class='ocr_line' id='line_1_18' title="bbox 93 1738 1243 1821; baseline 0.003 -24"><span class='ocrx_word' id='word_1_165' title='bbox 93 1755 185 1816; x_wconf 78' lang='lat' dir='ltr'><strong>equos</strong></span> <span class='ocrx_word' id='word_1_166' title='bbox 208 1739 310 1799; x_wconf 90' lang='lat' dir='ltr'><strong>deoem</strong></span> <span class='ocrx_word' id='word_1_167' title='bbox 333 1738 440 1799; x_wconf 89' lang='lat' dir='ltr'><strong>habui:</strong></span> <span class='ocrx_word' id='word_1_168' title='bbox 466 1758 481 1798; x_wconf 91' lang='lat' dir='ltr'><strong>e</strong></span> <span class='ocrx_word' id='word_1_169' title='bbox 504 1740 612 1821; x_wconf 87' lang='lat' dir='ltr'><strong>quihus</strong></span> <span class='ocrx_word' id='word_1_170' title='bbox 635 1739 815 1818; x_wconf 83' lang='lat' dir='ltr'><strong>Antiphanes</strong></span> <span class='ocrx_word' id='word_1_171' title='bbox 838 1748 904 1800; x_wconf 88' lang='lat' dir='ltr'><strong>octo</strong></span> <span class='ocrx_word' id='word_1_172' title='bbox 927 1741 984 1799; x_wconf 91' lang='lat' dir='ltr'><strong>iam</strong></span> <span class='ocrx_word' id='word_1_173' title='bbox 1003 1740 1193 1801; x_wconf 83' lang='lat' dir='ltr'><strong>distribuerat</strong></span> <span class='ocrx_word' id='word_1_174' title='bbox 1206 1743 1243 1809; x_wconf 83' lang='lat' dir='ltr'><strong>iis,</strong></span> 
     </span>
     <span class='ocr_line' id='line_1_19' title="bbox 92 1822 1245 1903; baseline 0.002 -22"><span class='ocrx_word' id='word_1_175' title='bbox 92 1824 141 1900; x_wconf 80' lang='lat' dir='ltr'><strong>qui</strong></span> <span class='ocrx_word' id='word_1_176' title='bbox 164 1823 324 1883; x_wconf 88' lang='lat' dir='ltr'><strong>amiserant</strong></span> <span class='ocrx_word' id='word_1_177' title='bbox 351 1842 433 1893; x_wconf 91' lang='lat' dir='ltr'><strong>suos,</strong></span> <span class='ocrx_word' id='word_1_178' title='bbox 464 1826 584 1885; x_wconf 87' lang='lat' dir='ltr'><strong>oruuiuo</strong></span> <span class='ocrx_word' id='word_1_179' title='bbox 607 1826 680 1885; x_wconf 92' lang='lat' dir='ltr'><strong>duos</strong></span> <span class='ocrx_word' id='word_1_180' title='bbox 703 1828 766 1902; x_wconf 91' lang='lat' dir='ltr'><strong>ipse</strong></span> <span class='ocrx_word' id='word_1_181' title='bbox 793 1823 954 1885; x_wconf 88' lang='lat' dir='ltr'><strong>habebam:</strong></span> <span class='ocrx_word' id='word_1_182' title='bbox 984 1842 1057 1903; x_wconf 87' lang='lat' dir='ltr'><strong>quos</strong></span> <span class='ocrx_word' id='word_1_183' title='bbox 1081 1842 1149 1885; x_wconf 90' lang='lat' dir='ltr'><strong>eum</strong></span> <span class='ocrx_word' id='word_1_184' title='bbox 1172 1822 1245 1885; x_wconf 87' lang='lat' dir='ltr'><strong>vellet</strong></span> 
     </span>
     <span class='ocr_line' id='line_1_20' title="bbox 92 1905 1244 1986; baseline 0.001 -20"><span class='ocrx_word' id='word_1_185' title='bbox 92 1905 242 1968; x_wconf 87' lang='lat' dir='ltr'><strong>abducere</strong></span> <span class='ocrx_word' id='word_1_186' title='bbox 265 1907 352 1967; x_wconf 92' lang='lat' dir='ltr'><strong>horno</strong></span> <span class='ocrx_word' id='word_1_187' title='bbox 375 1908 614 1986; x_wconf 88' lang='lat' dir='ltr'><strong>superbissimus,</strong></span> <span class='ocrx_word' id='word_1_188' title='bbox 640 1917 721 1969; x_wconf 84' lang='lat' dir='ltr'><strong>certe</strong></span> <span class='ocrx_word' id='word_1_189' title='bbox 742 1909 960 1986; x_wconf 79' lang='lat' dir='ltr'><strong>iniquissimus,</strong></span> <span class='ocrx_word' id='word_1_190' title='bbox 985 1912 1042 1969; x_wconf 90' lang='lat' dir='ltr'><strong>uisi</strong></span> <span class='ocrx_word' id='word_1_191' title='bbox 1067 1911 1160 1986; x_wconf 90' lang='lat' dir='ltr'><strong>pedes</strong></span> <span class='ocrx_word' id='word_1_192' title='bbox 1181 1906 1244 1969; x_wconf 90' lang='lat' dir='ltr'><strong>mili·</strong></span> 
     </span>
     <span class='ocr_line' id='line_1_21' title="bbox 42 1991 1244 2070; baseline 0.004 -22"><span class='ocrx_word' id='word_1_193' title='bbox 42 1998 157 2050; x_wconf 84' lang='grc'><strong>351333</strong></span> <span class='ocrx_word' id='word_1_194' title='bbox 185 1991 303 2061; x_wconf 85' lang='lat' dir='ltr'><strong>rehem,</strong></span> <span class='ocrx_word' id='word_1_195' title='bbox 340 1994 470 2053; x_wconf 88' lang='lat' dir='ltr'><strong>retinere</strong></span> <span class='ocrx_word' id='word_1_196' title='bbox 503 1992 640 2070; x_wconf 83' lang='lat' dir='ltr'><strong>cogebar.</strong></span> <span class='ocrx_word' id='word_1_197' title='bbox 691 1992 751 2053; x_wconf 86' lang='lat' dir='ltr'><strong>Neo</strong></span> <span class='ocrx_word' id='word_1_198' title='bbox 780 1994 887 2053; x_wconf 88' lang='lat' dir='ltr'><strong>infitias</strong></span> <span class='ocrx_word' id='word_1_199' title='bbox 921 2011 971 2061; x_wconf 91' lang='lat' dir='ltr'><strong>eo,</strong></span> <span class='ocrx_word' id='word_1_200' title='bbox 1005 1991 1094 2052; x_wconf 91' lang='lat' dir='ltr'><strong>liheri</strong></span> <span class='ocrx_word' id='word_1_201' title='bbox 1129 1992 1244 2054; x_wconf 82' lang='lat' dir='ltr'><strong>hominu</strong></span> 
     </span>
     <span class='ocr_line' id='line_1_22' title="bbox 92 2076 1243 2154; baseline 0.001 -20"><span class='ocrx_word' id='word_1_202' title='bbox 92 2078 190 2136; x_wconf 91' lang='lat' dir='ltr'><strong>auimo</strong></span> <span class='ocrx_word' id='word_1_203' title='bbox 214 2077 344 2137; x_wconf 90' lang='lat' dir='ltr'><strong>loentum</strong></span> <span class='ocrx_word' id='word_1_204' title='bbox 368 2095 432 2137; x_wconf 87' lang='lat' dir='ltr'><strong>esse</strong></span> <span class='ocrx_word' id='word_1_205' title='bbox 455 2096 502 2137; x_wconf 90' lang='lat' dir='ltr'><strong>me</strong></span> <span class='ocrx_word' id='word_1_206' title='bbox 525 2096 592 2137; x_wconf 92' lang='lat' dir='ltr'><strong>eum</strong></span> <span class='ocrx_word' id='word_1_207' title='bbox 616 2077 804 2154; x_wconf 83' lang='lat' dir='ltr'><strong>ignavissimo</strong></span> <span class='ocrx_word' id='word_1_208' title='bbox 828 2086 857 2136; x_wconf 91' lang='grc'><strong>31</strong></span> <span class='ocrx_word' id='word_1_209' title='bbox 879 2077 936 2136; x_wconf 87' lang='grc'><strong>1333</strong></span> <span class='ocrx_word' id='word_1_210' title='bbox 958 2094 1048 2138; x_wconf 88' lang='grc'><strong>333333</strong></span> <span class='ocrx_word' id='word_1_211' title='bbox 1073 2076 1193 2138; x_wconf 88' lang='grc'><strong>331111133</strong></span> <span class='ocrx_word' id='word_1_212' title='bbox 1207 2080 1243 2137; x_wconf 83' lang='lat' dir='ltr'><strong>ius</strong></span> 
     </span>
    </p>
   </div>
   <div class='ocr_carea' id='block_1_4' title="bbox 92 2308 648 2501">
    <p class='ocr_par' dir='ltr' id='par_1_4' title="bbox 92 2308 648 2501">
     <span class='ocr_line' id='line_1_23' title="bbox 93 2308 647 2366; baseline 0.004 -3"><span class='ocrx_word' id='word_1_213' title='bbox 93 2308 250 2365; x_wconf 86' lang='lat' dir='ltr'><strong>teehuisohe</strong></span> <span class='ocrx_word' id='word_1_214' title='bbox 270 2310 485 2365; x_wconf 81' lang='grc'><strong>3331313313.-</strong></span> <span class='ocrx_word' id='word_1_215' title='bbox 504 2326 647 2366; x_wconf 79' lang='grc'><strong>333333-</strong></span> 
     </span>
     <span class='ocr_line' id='line_1_24' title="bbox 92 2377 648 2433; baseline 0.004 -5"><span class='ocrx_word' id='word_1_216' title='bbox 92 2391 216 2432; x_wconf 87' lang='lat' dir='ltr'><strong>remur.</strong></span> <span class='ocrx_word' id='word_1_217' title='bbox 252 2377 303 2431; x_wconf 86' lang='grc'><strong>1133</strong></span> <span class='ocrx_word' id='word_1_218' title='bbox 326 2378 421 2433; x_wconf 84' lang='lat' dir='ltr'><strong>Modus</strong></span> <span class='ocrx_word' id='word_1_219' title='bbox 447 2379 499 2432; x_wconf 83' lang='grc'><strong>3313</strong></span> <span class='ocrx_word' id='word_1_220' title='bbox 522 2382 545 2432; x_wconf 83' lang='grc'><strong>6,</strong></span> <span class='ocrx_word' id='word_1_221' title='bbox 568 2382 592 2430; x_wconf 85' lang='grc'><strong>3.</strong></span> <span class='ocrx_word' id='word_1_222' title='bbox 618 2384 648 2431; x_wconf 85' lang='lat' dir='ltr'><strong>to</strong></span> 
     </span>
     <span class='ocr_line' id='line_1_25' title="bbox 93 2444 398 2501; baseline 0.007 -5"><span class='ocrx_word' id='word_1_223' title='bbox 93 2444 146 2497; x_wconf 81' lang='lat' dir='ltr'><strong>iste</strong></span> <span class='ocrx_word' id='word_1_224' title='bbox 169 2453 398 2501; x_wconf 82' lang='lat' dir='ltr'><strong>commoreretur.</strong></span> 
     </span>
    </p>
   </div>
   <div class='ocr_carea' id='block_1_5' title="bbox 90 2538 648 3207">
    <p class='ocr_par' dir='ltr' id='par_1_5' title="bbox 90 2538 648 3207">
     <span class='ocr_line' id='line_1_26' title="bbox 129 2538 647 2596; baseline 0.012 -9"><span class='ocrx_word' id='word_1_225' title='bbox 129 2540 170 2591; x_wconf 88' lang='grc'><strong>30.</strong></span> <span class='ocrx_word' id='word_1_226' title='bbox 197 2538 258 2591; x_wconf 83' lang='lat' dir='ltr'><strong>sed</strong></span> <span class='ocrx_word' id='word_1_227' title='bbox 286 2539 434 2596; x_wconf 79' lang='lat' dir='ltr'><strong>totidem.</strong></span> <span class='ocrx_word' id='word_1_228' title='bbox 475 2538 647 2595; x_wconf 81' lang='lat' dir='ltr'><strong>Natrirlieher</strong></span> 
     </span>
     <span class='ocr_line' id='line_1_27' title="bbox 91 2604 646 2673; baseline 0.005 -17"><span class='ocrx_word' id='word_1_229' title='bbox 91 2608 167 2658; x_wconf 73' lang='lat' dir='ltr'><strong>wire</strong></span> <span class='ocrx_word' id='word_1_230' title='bbox 186 2605 229 2658; x_wconf 90' lang='lat' dir='ltr'><strong>ein</strong></span> <span class='ocrx_word' id='word_1_231' title='bbox 242 2604 392 2662; x_wconf 82' lang='lat' dir='ltr'><strong>h&#39;ehensatz</strong></span> <span class='ocrx_word' id='word_1_232' title='bbox 408 2606 457 2660; x_wconf 90' lang='grc'><strong>3311</strong></span> <span class='ocrx_word' id='word_1_233' title='bbox 474 2608 646 2673; x_wconf 67' lang='grc'><strong>313333333-</strong></span> 
     </span>
     <span class='ocr_line' id='line_1_28' title="bbox 90 2675 646 2737; baseline 0.002 -13"><span class='ocrx_word' id='word_1_234' title='bbox 90 2688 182 2737; x_wconf 75' lang='lat' dir='ltr'><strong>quum.</strong></span> <span class='ocrx_word' id='word_1_235' title='bbox 200 2702 233 2709; x_wconf 90' lang='lat'><strong>—</strong></span> <span class='ocrx_word' id='word_1_236' title='bbox 252 2676 300 2728; x_wconf 81' lang='lat' dir='ltr'><strong>ito</strong></span> <span class='ocrx_word' id='word_1_237' title='bbox 319 2675 442 2729; x_wconf 81' lang='lat' dir='ltr'><strong>‘somit’</strong></span> <span class='ocrx_word' id='word_1_238' title='bbox 464 2675 515 2727; x_wconf 86' lang='grc'><strong>3313</strong></span> <span class='ocrx_word' id='word_1_239' title='bbox 533 2677 557 2729; x_wconf 87' lang='grc'><strong>6.</strong></span> <span class='ocrx_word' id='word_1_240' title='bbox 578 2679 646 2730; x_wconf 78' lang='lat' dir='ltr'><strong>me</strong></span> 
     </span>
     <span class='ocr_line' id='line_1_29' title="bbox 92 2739 648 2815; baseline 0.011 -24"><span class='ocrx_word' id='word_1_241' title='bbox 92 2755 117 2815; x_wconf 58' lang='lat' dir='ltr'><strong>u:</strong></span> <span class='ocrx_word' id='word_1_242' title='bbox 131 2741 156 2794; x_wconf 83' lang='grc' dir='ltr'><strong>ὂ.</strong></span> <span class='ocrx_word' id='word_1_243' title='bbox 182 2739 648 2807; x_wconf 70' lang='grc'><strong>1133831333333333331313(13313131</strong></span> 
     </span>
     <span class='ocr_line' id='line_1_30' title="bbox 91 2804 647 2875; baseline 0.004 -16"><span class='ocrx_word' id='word_1_244' title='bbox 91 2804 134 2859; x_wconf 81' lang='lat' dir='ltr'><strong>eho</strong></span> <span class='ocrx_word' id='word_1_245' title='bbox 165 2807 271 2863; x_wconf 85' lang='lat' dir='ltr'><strong>sichero</strong></span> <span class='ocrx_word' id='word_1_246' title='bbox 299 2809 463 2875; x_wconf 79' lang='lat' dir='ltr'><strong>Erwartung</strong></span> <span class='ocrx_word' id='word_1_247' title='bbox 491 2826 553 2870; x_wconf 88' lang='lat' dir='ltr'><strong>aus,</strong></span> <span class='ocrx_word' id='word_1_248' title='bbox 585 2811 647 2864; x_wconf 89' lang='lat' dir='ltr'><strong>dass</strong></span> 
     </span>
     <span class='ocr_line' id='line_1_31' title="bbox 90 2872 648 2936; baseline 0.009 -12"><span class='ocrx_word' id='word_1_249' title='bbox 90 2872 216 2928; x_wconf 78' lang='grc'><strong>1113333</strong></span> <span class='ocrx_word' id='word_1_250' title='bbox 236 2877 412 2931; x_wconf 87' lang='lat' dir='ltr'><strong>eutscheiden</strong></span> <span class='ocrx_word' id='word_1_251' title='bbox 432 2876 557 2936; x_wconf 87' lang='lat' dir='ltr'><strong>werde.</strong></span> <span class='ocrx_word' id='word_1_252' title='bbox 584 2876 648 2930; x_wconf 89' lang='lat' dir='ltr'><strong>weil</strong></span> 
     </span>
     <span class='ocr_line' id='line_1_32' title="bbox 90 2941 647 2999; baseline 0.011 -7"><span class='ocrx_word' id='word_1_253' title='bbox 90 2942 211 2995; x_wconf 82' lang='lat' dir='ltr'><strong>nrusse.</strong></span> <span class='ocrx_word' id='word_1_254' title='bbox 235 2941 285 2996; x_wconf 87' lang='grc'><strong>1133</strong></span> <span class='ocrx_word' id='word_1_255' title='bbox 299 2944 388 2998; x_wconf 85' lang='lat' dir='ltr'><strong>Guuze</strong></span> <span class='ocrx_word' id='word_1_256' title='bbox 398 2944 434 2998; x_wconf 93' lang='lat' dir='ltr'><strong>ist</strong></span> <span class='ocrx_word' id='word_1_257' title='bbox 444 2944 503 2997; x_wconf 90' lang='lat' dir='ltr'><strong>eine</strong></span> <span class='ocrx_word' id='word_1_258' title='bbox 517 2945 647 2999; x_wconf 83' lang='lat' dir='ltr'><strong>deductio</strong></span> 
     </span>
     <span class='ocr_line' id='line_1_33' title="bbox 91 3007 646 3072; baseline 0.009 -12"><span class='ocrx_word' id='word_1_259' title='bbox 91 3007 131 3060; x_wconf 81' lang='lat' dir='ltr'><strong>ud</strong></span> <span class='ocrx_word' id='word_1_260' title='bbox 156 3007 318 3063; x_wconf 82' lang='lat' dir='ltr'><strong>uhrurrtum.</strong></span> <span class='ocrx_word' id='word_1_261' title='bbox 349 3039 382 3047; x_wconf 91' lang='lat'>-</span> <span class='ocrx_word' id='word_1_262' title='bbox 412 3012 453 3064; x_wconf 80' lang='grc'><strong>131</strong></span> <span class='ocrx_word' id='word_1_263' title='bbox 462 3027 532 3072; x_wconf 84' lang='lat' dir='ltr'><strong>em,</strong></span> <span class='ocrx_word' id='word_1_264' title='bbox 556 3019 646 3065; x_wconf 91' lang='lat' dir='ltr'><strong>neutr.</strong></span> 
     </span>
     <span class='ocr_line' id='line_1_34' title="bbox 91 3074 647 3143; baseline 0.011 -17"><span class='ocrx_word' id='word_1_265' title='bbox 91 3074 160 3139; x_wconf 81' lang='lat' dir='ltr'><strong>sing.</strong></span> <span class='ocrx_word' id='word_1_266' title='bbox 200 3074 257 3141; x_wconf 76' lang='lat' dir='ltr'><strong>ng.</strong></span> <span class='ocrx_word' id='word_1_267' title='bbox 274 3076 343 3131; x_wconf 79' lang='lat' dir='ltr'><strong>l‘lin.</strong></span> <span class='ocrx_word' id='word_1_268' title='bbox 360 3093 421 3143; x_wconf 89' lang='lat' dir='ltr'><strong>pan.</strong></span> <span class='ocrx_word' id='word_1_269' title='bbox 434 3081 466 3129; x_wconf 85' lang='lat'><strong>83</strong></span> <span class='ocrx_word' id='word_1_270' title='bbox 484 3080 647 3141; x_wconf 74' lang='grc'><strong>3133333113,</strong></span> 
     </span>
     <span class='ocr_line' id='line_1_35' title="bbox 90 3140 288 3207; baseline 0.015 -13"><span class='ocrx_word' id='word_1_271' title='bbox 90 3142 165 3206; x_wconf 78' lang='lat' dir='ltr'><strong>meod</strong></span> <span class='ocrx_word' id='word_1_272' title='bbox 180 3140 288 3207; x_wconf 76' lang='lat' dir='ltr'><strong>fuistis.</strong></span> 
     </span>
    </p>
   </div>
   <div class='ocr_carea' id='block_1_6' title="bbox 86 3235 648 4114">
    <p class='ocr_par' dir='ltr' id='par_1_6' title="bbox 86 3235 648 4114">
     <span class='ocr_line' id='line_1_36' title="bbox 124 3235 647 3310; baseline 0.017 -26"><span class='ocrx_word' id='word_1_273' title='bbox 124 3235 272 3310; x_wconf 39' lang='lat' dir='ltr'><strong>312quod</strong></span> <span class='ocrx_word' id='word_1_274' title='bbox 288 3237 407 3300; x_wconf 77' lang='lat' dir='ltr'><strong>ipitur.</strong></span> <span class='ocrx_word' id='word_1_275' title='bbox 435 3235 528 3301; x_wconf 61' lang='lat' dir='ltr'><strong>luitur</strong></span> <span class='ocrx_word' id='word_1_276' title='bbox 547 3238 583 3291; x_wconf 89' lang='lat' dir='ltr'><strong>ist</strong></span> <span class='ocrx_word' id='word_1_277' title='bbox 601 3238 647 3293; x_wconf 89' lang='lat' dir='ltr'><strong>he·</strong></span> 
     </span>
     <span class='ocr_line' id='line_1_37' title="bbox 90 3300 646 3422; baseline 0.014 -70"><span class='ocrx_word' id='word_1_278' title='bbox 90 3300 217 3422; x_wconf 68' lang='grc' dir='ltr'><strong>33313ιῆ1.</strong></span> <span class='ocrx_word' id='word_1_279' title='bbox 227 3300 351 3356; x_wconf 88' lang='grc'><strong>133331333</strong></span> <span class='ocrx_word' id='word_1_280' title='bbox 362 3302 411 3356; x_wconf 92' lang='lat' dir='ltr'><strong>der</strong></span> <span class='ocrx_word' id='word_1_281' title='bbox 421 3305 646 3369; x_wconf 73' lang='lat' dir='ltr'><strong>rorherrrehende</strong></span> 
     </span>
     <span class='ocr_line' id='line_1_38' title="bbox 91 3366 648 3429; baseline 0.009 -7"><span class='ocrx_word' id='word_1_282' title='bbox 91 3366 152 3422; x_wconf 87' lang='lat' dir='ltr'><strong>Satz</strong></span> <span class='ocrx_word' id='word_1_283' title='bbox 178 3385 230 3423; x_wconf 84' lang='grc'><strong>333</strong></span> <span class='ocrx_word' id='word_1_284' title='bbox 252 3368 318 3424; x_wconf 91' lang='grc'><strong>81333</strong></span> <span class='ocrx_word' id='word_1_285' title='bbox 342 3371 400 3425; x_wconf 87' lang='lat' dir='ltr'><strong>hat:</strong></span> <span class='ocrx_word' id='word_1_286' title='bbox 425 3371 581 3427; x_wconf 70' lang='lat' dir='ltr'><strong>(eberardum</strong></span> <span class='ocrx_word' id='word_1_287' title='bbox 604 3378 648 3429; x_wconf 81' lang='lat' dir='ltr'><strong>est</strong></span> 
     </span>
     <span class='ocr_line' id='line_1_39' title="bbox 90 3436 645 3498; baseline 0.016 -10"><span class='ocrx_word' id='word_1_288' title='bbox 90 3450 147 3489; x_wconf 86' lang='lat' dir='ltr'><strong>nou</strong></span> <span class='ocrx_word' id='word_1_289' title='bbox 165 3436 292 3491; x_wconf 83' lang='lat' dir='ltr'><strong>dividere</strong></span> <span class='ocrx_word' id='word_1_290' title='bbox 311 3440 416 3493; x_wconf 82' lang='lat' dir='ltr'><strong>amieos</strong></span> <span class='ocrx_word' id='word_1_291' title='bbox 435 3444 645 3498; x_wconf 80' lang='grc'><strong>333333113-</strong></span> 
     </span>
     <span class='ocr_line' id='line_1_40' title="bbox 86 3503 646 3575; baseline 0.016 -21"><span class='ocrx_word' id='word_1_292' title='bbox 86 3503 216 3569; x_wconf 83' lang='lat' dir='ltr'><strong>pridie.</strong></span> <span class='ocrx_word' id='word_1_293' title='bbox 236 3510 352 3571; x_wconf 78' lang='lat' dir='ltr'><strong>erginze</strong></span> <span class='ocrx_word' id='word_1_294' title='bbox 365 3523 448 3571; x_wconf 77' lang='lat' dir='ltr'><strong>queem</strong></span> <span class='ocrx_word' id='word_1_295' title='bbox 466 3510 646 3575; x_wconf 69' lang='lat' dir='ltr'><strong>(temperetur</strong></span> 
     </span>
     <span class='ocr_line' id='line_1_41' title="bbox 89 3570 647 3642; baseline 0.014 -19"><span class='ocrx_word' id='word_1_296' title='bbox 89 3570 219 3627; x_wconf 80' lang='lat' dir='ltr'><strong>Philotae</strong></span> <span class='ocrx_word' id='word_1_297' title='bbox 241 3574 336 3628; x_wconf 80' lang='lat' dir='ltr'><strong>scelus</strong></span> <span class='ocrx_word' id='word_1_298' title='bbox 360 3572 388 3640; x_wconf 78' lang='lat'><strong>[8</strong></span> <span class='ocrx_word' id='word_1_299' title='bbox 413 3575 464 3642; x_wconf 88' lang='grc'><strong>13),</strong></span> <span class='ocrx_word' id='word_1_300' title='bbox 493 3605 527 3612; x_wconf 95' lang='grc'>-</span> <span class='ocrx_word' id='word_1_301' title='bbox 557 3593 647 3632; x_wconf 86' lang='lat' dir='ltr'><strong>aune</strong></span> 
     </span>
     <span class='ocr_line' id='line_1_42' title="bbox 90 3640 647 3710; baseline 0.014 -19"><span class='ocrx_word' id='word_1_302' title='bbox 90 3652 169 3692; x_wconf 85' lang='lat' dir='ltr'><strong>aero</strong></span> <span class='ocrx_word' id='word_1_303' title='bbox 189 3640 241 3694; x_wconf 85' lang='lat' dir='ltr'><strong>uie</strong></span> <span class='ocrx_word' id='word_1_304' title='bbox 260 3657 337 3696; x_wconf 78' lang='lat' dir='ltr'><strong>uerno</strong></span> <span class='ocrx_word' id='word_1_305' title='bbox 354 3646 378 3695; x_wconf 85' lang='lat'><strong>3.</strong></span> <span class='ocrx_word' id='word_1_306' title='bbox 391 3644 416 3696; x_wconf 81' lang='lat'><strong>4.</strong></span> <span class='ocrx_word' id='word_1_307' title='bbox 428 3646 452 3697; x_wconf 85' lang='lat'><strong>5.</strong></span> <span class='ocrx_word' id='word_1_308' title='bbox 488 3642 521 3697; x_wconf 82' lang='lat' dir='ltr'><strong>St</strong></span> <span class='ocrx_word' id='word_1_309' title='bbox 602 3644 647 3710; x_wconf 79' lang='lat' dir='ltr'><strong>fe-</strong></span> 
     </span>
     <span class='ocr_line' id='line_1_43' title="bbox 89 3707 647 3765; baseline 0.014 -9"><span class='ocrx_word' id='word_1_310' title='bbox 89 3707 180 3760; x_wconf 82' lang='lat' dir='ltr'><strong>cimus</strong></span> <span class='ocrx_word' id='word_1_311' title='bbox 206 3707 242 3762; x_wconf 91' lang='lat' dir='ltr'><strong>ist</strong></span> <span class='ocrx_word' id='word_1_312' title='bbox 271 3707 332 3763; x_wconf 89' lang='lat' dir='ltr'><strong>dem</strong></span> <span class='ocrx_word' id='word_1_313' title='bbox 355 3707 438 3764; x_wconf 86' lang='lat' dir='ltr'><strong>Sinna</strong></span> <span class='ocrx_word' id='word_1_314' title='bbox 462 3711 529 3765; x_wconf 87' lang='grc'><strong>33313</strong></span> <span class='ocrx_word' id='word_1_315' title='bbox 560 3711 647 3765; x_wconf 86' lang='grc'><strong>333131</strong></span> 
     </span>
     <span class='ocr_line' id='line_1_44' title="bbox 89 3771 647 3842; baseline 0.014 -18"><span class='ocrx_word' id='word_1_316' title='bbox 89 3771 130 3826; x_wconf 89' lang='grc'><strong>313</strong></span> <span class='ocrx_word' id='word_1_317' title='bbox 143 3788 206 3827; x_wconf 85' lang='lat' dir='ltr'><strong>euru</strong></span> <span class='ocrx_word' id='word_1_318' title='bbox 226 3817 266 3830; x_wconf 90' lang='lat'><strong>...</strong></span> <span class='ocrx_word' id='word_1_319' title='bbox 285 3776 456 3842; x_wconf 81' lang='lat' dir='ltr'><strong>fecerimus:</strong></span> <span class='ocrx_word' id='word_1_320' title='bbox 476 3794 504 3832; x_wconf 91' lang='lat' dir='ltr'><strong>es</strong></span> <span class='ocrx_word' id='word_1_321' title='bbox 519 3778 555 3831; x_wconf 88' lang='lat' dir='ltr'><strong>ist</strong></span> <span class='ocrx_word' id='word_1_322' title='bbox 571 3778 647 3832; x_wconf 88' lang='grc'><strong>313131</strong></span> 
     </span>
     <span class='ocr_line' id='line_1_45' title="bbox 89 3838 645 3909; baseline 0.011 -16"><span class='ocrx_word' id='word_1_323' title='bbox 89 3838 182 3895; x_wconf 90' lang='lat' dir='ltr'><strong>hlosse</strong></span> <span class='ocrx_word' id='word_1_324' title='bbox 199 3840 373 3909; x_wconf 80' lang='lat' dir='ltr'><strong>hypothesis,</strong></span> <span class='ocrx_word' id='word_1_325' title='bbox 393 3844 513 3899; x_wconf 91' lang='lat' dir='ltr'><strong>sondern</strong></span> <span class='ocrx_word' id='word_1_326' title='bbox 532 3844 645 3899; x_wconf 88' lang='lat' dir='ltr'><strong>weitere</strong></span> 
     </span>
     <span class='ocr_line' id='line_1_46' title="bbox 89 3906 643 3975; baseline 0.011 -15"><span class='ocrx_word' id='word_1_327' title='bbox 89 3906 248 3975; x_wconf 63' lang='grc' dir='ltr'><strong>1313333333,Γ</strong></span> <span class='ocrx_word' id='word_1_328' title='bbox 266 3927 313 3965; x_wconf 90' lang='grc'><strong>333</strong></span> <span class='ocrx_word' id='word_1_329' title='bbox 334 3912 433 3966; x_wconf 77' lang='grc'><strong>13333113</strong></span> <span class='ocrx_word' id='word_1_330' title='bbox 450 3912 643 3967; x_wconf 79' lang='grc'><strong>[1331333333.</strong></span> 
     </span>
     <span class='ocr_line' id='line_1_47' title="bbox 90 3974 645 4053; baseline 0.009 -25"><span class='ocrx_word' id='word_1_331' title='bbox 90 3974 219 4053; x_wconf 76' lang='grc'><strong>83313131</strong></span> <span class='ocrx_word' id='word_1_332' title='bbox 238 3975 329 4044; x_wconf 77' lang='lat' dir='ltr'><strong>hiiufig</strong></span> <span class='ocrx_word' id='word_1_333' title='bbox 349 3981 376 4033; x_wconf 82' lang='lat' dir='ltr'><strong>si</strong></span> <span class='ocrx_word' id='word_1_334' title='bbox 393 3981 503 4045; x_wconf 73' lang='lat' dir='ltr'><strong>peridem</strong></span> <span class='ocrx_word' id='word_1_335' title='bbox 522 3979 645 4033; x_wconf 89' lang='lat' dir='ltr'><strong>ziemlieh</strong></span> 
     </span>
     <span class='ocr_line' id='line_1_48' title="bbox 90 4041 585 4114; baseline 0.006 -19"><span class='ocrx_word' id='word_1_336' title='bbox 90 4041 334 4107; x_wconf 82' lang='lat' dir='ltr'><strong>glerehhedeutend</strong></span> <span class='ocrx_word' id='word_1_337' title='bbox 354 4046 403 4101; x_wconf 90' lang='grc'><strong>3311</strong></span> <span class='ocrx_word' id='word_1_338' title='bbox 420 4064 492 4110; x_wconf 86' lang='lat' dir='ltr'><strong>cunr,</strong></span> <span class='ocrx_word' id='word_1_339' title='bbox 510 4049 585 4114; x_wconf 80' lang='lat' dir='ltr'><strong>quie.</strong></span> 
     </span>
    </p>
   </div>
   <div class='ocr_carea' id='block_1_7' title="bbox 89 4145 645 4348">
    <p class='ocr_par' dir='ltr' id='par_1_7' title="bbox 89 4145 645 4348">
     <span class='ocr_line' id='line_1_49' title="bbox 123 4145 645 4213; baseline 0.015 -20"><span class='ocrx_word' id='word_1_340' title='bbox 123 4148 163 4197; x_wconf 77' lang='grc'><strong>33.</strong></span> <span class='ocrx_word' id='word_1_341' title='bbox 186 4145 344 4201; x_wconf 81' lang='lat' dir='ltr'><strong>detectus</strong></span> <span class='ocrx_word' id='word_1_342' title='bbox 368 4147 581 4213; x_wconf 81' lang='lat' dir='ltr'><strong>ungewohntieh</strong></span> <span class='ocrx_word' id='word_1_343' title='bbox 600 4146 645 4201; x_wconf 87' lang='lat' dir='ltr'><strong>mr</strong></span> 
     </span>
     <span class='ocr_line' id='line_1_50' title="bbox 89 4210 644 4281; baseline 0.011 -19"><span class='ocrx_word' id='word_1_344' title='bbox 89 4210 293 4274; x_wconf 80' lang='lat' dir='ltr'><strong>deprehensus.</strong></span> <span class='ocrx_word' id='word_1_345' title='bbox 337 4214 383 4268; x_wconf 84' lang='lat' dir='ltr'><strong>hie</strong></span> <span class='ocrx_word' id='word_1_346' title='bbox 408 4215 547 4281; x_wconf 82' lang='lat' dir='ltr'><strong>gewohnl.</strong></span> <span class='ocrx_word' id='word_1_347' title='bbox 576 4216 644 4269; x_wconf 80' lang='lat' dir='ltr'><strong>Con·</strong></span> 
     </span>
     <span class='ocr_line' id='line_1_51' title="bbox 89 4279 643 4348; baseline 0.016 -20"><span class='ocrx_word' id='word_1_348' title='bbox 89 4279 225 4332; x_wconf 88' lang='lat' dir='ltr'><strong>struetion</strong></span> <span class='ocrx_word' id='word_1_349' title='bbox 248 4279 359 4348; x_wconf 58' lang='grc' dir='ltr'><strong>3131311ἱ</strong></span> <span class='ocrx_word' id='word_1_350' title='bbox 378 4286 409 4333; x_wconf 89' lang='lat'><strong>13</strong></span> <span class='ocrx_word' id='word_1_351' title='bbox 433 4298 515 4348; x_wconf 84' lang='lat' dir='ltr'><strong>quom</strong></span> <span class='ocrx_word' id='word_1_352' title='bbox 534 4283 643 4348; x_wconf 74' lang='grc'><strong>(131333-</strong></span> 
     </span>
    </p>
   </div>
   <div class='ocr_carea' id='block_1_8' title="bbox 700 2308 1243 2442">
    <p class='ocr_par' dir='ltr' id='par_1_8' title="bbox 700 2308 1243 2442">
     <span class='ocr_line' id='line_1_52' title="bbox 700 2308 1243 2378; baseline 0 -15"><span class='ocrx_word' id='word_1_353' title='bbox 700 2316 782 2365; x_wconf 85' lang='lat' dir='ltr'><strong>retur</strong></span> <span class='ocrx_word' id='word_1_354' title='bbox 807 2310 937 2365; x_wconf 78' lang='lat' dir='ltr'><strong>Philotae</strong></span> <span class='ocrx_word' id='word_1_355' title='bbox 964 2310 1066 2367; x_wconf 85' lang='grc'><strong>333133.</strong></span> <span class='ocrx_word' id='word_1_356' title='bbox 1103 2311 1161 2378; x_wconf 67' lang='lat' dir='ltr'><strong>var.</strong></span> <span class='ocrx_word' id='word_1_357' title='bbox 1185 2308 1243 2366; x_wconf 87' lang='lat' dir='ltr'><strong>ohea</strong></span> 
     </span>
     <span class='ocr_line' id='line_1_53' title="bbox 700 2377 889 2442; baseline -0.005 -12"><span class='ocrx_word' id='word_1_358' title='bbox 700 2378 718 2442; x_wconf 73' lang='grc'><strong>8</strong></span> <span class='ocrx_word' id='word_1_359' title='bbox 737 2377 889 2433; x_wconf 78' lang='grc'><strong>6113131113.</strong></span> 
     </span>
    </p>
   </div>
   <div class='ocr_carea' id='block_1_9' title="bbox 698 2470 1247 3407">
    <p class='ocr_par' dir='ltr' id='par_1_9' title="bbox 698 2470 1247 3407">
     <span class='ocr_line' id='line_1_54' title="bbox 734 2470 1241 2537; baseline 0.002 -14"><span class='ocrx_word' id='word_1_360' title='bbox 734 2476 924 2537; x_wconf 71' lang='lat' dir='ltr'><strong>saoneres</strong></span> <span class='ocrx_word' id='word_1_361' title='bbox 944 2472 1077 2525; x_wconf 82' lang='lat' dir='ltr'><strong>crimen</strong></span> <span class='ocrx_word' id='word_1_362' title='bbox 1095 2479 1147 2527; x_wconf 89' lang='grc'><strong>313.</strong></span> <span class='ocrx_word' id='word_1_363' title='bbox 1175 2470 1241 2525; x_wconf 86' lang='lat' dir='ltr'><strong>Sim:</strong></span> 
     </span>
     <span class='ocr_line' id='line_1_55' title="bbox 701 2536 1242 2599; baseline -0.006 -8"><span class='ocrx_word' id='word_1_364' title='bbox 701 2554 782 2593; x_wconf 89' lang='lat' dir='ltr'><strong>wenn</strong></span> <span class='ocrx_word' id='word_1_365' title='bbox 806 2538 899 2593; x_wconf 89' lang='lat' dir='ltr'><strong>einer</strong></span> <span class='ocrx_word' id='word_1_366' title='bbox 922 2536 1040 2599; x_wconf 89' lang='lat' dir='ltr'><strong>fordert,</strong></span> <span class='ocrx_word' id='word_1_367' title='bbox 1065 2538 1113 2593; x_wconf 91' lang='lat' dir='ltr'><strong>der</strong></span> <span class='ocrx_word' id='word_1_368' title='bbox 1135 2538 1242 2594; x_wconf 80' lang='grc'><strong>3331333</strong></span> 
     </span>
     <span class='ocr_line' id='line_1_56' title="bbox 700 2604 1243 2672; baseline -0.006 -13"><span class='ocrx_word' id='word_1_369' title='bbox 700 2606 758 2660; x_wconf 87' lang='lat' dir='ltr'><strong>sich</strong></span> <span class='ocrx_word' id='word_1_370' title='bbox 783 2606 899 2671; x_wconf 84' lang='lat' dir='ltr'><strong>weigert</strong></span> <span class='ocrx_word' id='word_1_371' title='bbox 923 2604 970 2658; x_wconf 93' lang='lat' dir='ltr'><strong>der</strong></span> <span class='ocrx_word' id='word_1_372' title='bbox 989 2605 1153 2672; x_wconf 79' lang='lat' dir='ltr'><strong>forderung</strong></span> <span class='ocrx_word' id='word_1_373' title='bbox 1174 2604 1243 2661; x_wconf 89' lang='lat' dir='ltr'><strong>naeh-</strong></span> 
     </span>
     <span class='ocr_line' id='line_1_57' title="bbox 700 2671 1243 2733; baseline -0.002 -9"><span class='ocrx_word' id='word_1_374' title='bbox 700 2672 870 2733; x_wconf 79' lang='lat' dir='ltr'><strong>zuliommen,</strong></span> <span class='ocrx_word' id='word_1_375' title='bbox 889 2690 920 2727; x_wconf 94' lang='lat' dir='ltr'><strong>so</strong></span> <span class='ocrx_word' id='word_1_376' title='bbox 935 2672 1011 2726; x_wconf 89' lang='lat' dir='ltr'><strong>istas</strong></span> <span class='ocrx_word' id='word_1_377' title='bbox 1026 2689 1078 2727; x_wconf 90' lang='lat' dir='ltr'><strong>von</strong></span> <span class='ocrx_word' id='word_1_378' title='bbox 1092 2671 1243 2728; x_wconf 86' lang='lat' dir='ltr'><strong>vernhereir</strong></span> 
     </span>
     <span class='ocr_line' id='line_1_58' title="bbox 700 2737 1243 2801; baseline -0.004 -10"><span class='ocrx_word' id='word_1_379' title='bbox 700 2738 881 2801; x_wconf 85' lang='lat' dir='ltr'><strong>zweifefhuft,</strong></span> <span class='ocrx_word' id='word_1_380' title='bbox 908 2738 957 2794; x_wconf 90' lang='lat' dir='ltr'><strong>auf</strong></span> <span class='ocrx_word' id='word_1_381' title='bbox 983 2756 1092 2794; x_wconf 91' lang='lat' dir='ltr'><strong>wessen</strong></span> <span class='ocrx_word' id='word_1_382' title='bbox 1117 2741 1187 2795; x_wconf 87' lang='grc'><strong>83113</strong></span> <span class='ocrx_word' id='word_1_383' title='bbox 1208 2737 1243 2793; x_wconf 86' lang='lat' dir='ltr'><strong>die</strong></span> 
     </span>
     <span class='ocr_line' id='line_1_59' title="bbox 700 2804 1244 2881; baseline -0.004 -20"><span class='ocrx_word' id='word_1_384' title='bbox 700 2806 803 2861; x_wconf 88' lang='lat' dir='ltr'><strong>Sehuld</strong></span> <span class='ocrx_word' id='word_1_385' title='bbox 817 2807 860 2861; x_wconf 89' lang='lat' dir='ltr'><strong>ist.</strong></span> <span class='ocrx_word' id='word_1_386' title='bbox 890 2804 947 2872; x_wconf 84' lang='lat' dir='ltr'><strong>ng.</strong></span> <span class='ocrx_word' id='word_1_387' title='bbox 962 2822 1069 2873; x_wconf 71' lang='lat' dir='ltr'><strong>&lt;auceps</strong></span> <span class='ocrx_word' id='word_1_388' title='bbox 1082 2810 1244 2881; x_wconf 67' lang='lat' dir='ltr'><strong>coniectura</strong></span> 
     </span>
     <span class='ocr_line' id='line_1_60' title="bbox 700 2876 1242 2940; baseline -0.011 -11"><span class='ocrx_word' id='word_1_389' title='bbox 700 2877 827 2940; x_wconf 82' lang='lat' dir='ltr'><strong>quaestio</strong></span> <span class='ocrx_word' id='word_1_390' title='bbox 850 2877 874 2929; x_wconf 81' lang='lat' dir='ltr'><strong>tt.</strong></span> <span class='ocrx_word' id='word_1_391' title='bbox 899 2879 938 2926; x_wconf 90' lang='lat'><strong>11.</strong></span> <span class='ocrx_word' id='word_1_392' title='bbox 961 2878 1008 2938; x_wconf 73' lang='lat'><strong>213</strong></span> <span class='ocrx_word' id='word_1_393' title='bbox 1038 2878 1080 2926; x_wconf 89' lang='grc'><strong>40.</strong></span> <span class='ocrx_word' id='word_1_394' title='bbox 1114 2904 1148 2912; x_wconf 95' lang='grc'>-</span> <span class='ocrx_word' id='word_1_395' title='bbox 1184 2876 1242 2928; x_wconf 78' lang='lat' dir='ltr'><strong>nist</strong></span> 
     </span>
     <span class='ocr_line' id='line_1_61' title="bbox 700 2939 1244 3009; baseline -0.002 -13"><span class='ocrx_word' id='word_1_396' title='bbox 700 2943 788 3008; x_wconf 77' lang='lat' dir='ltr'><strong>quod</strong></span> <span class='ocrx_word' id='word_1_397' title='bbox 817 2942 888 2997; x_wconf 85' lang='grc'><strong>31333</strong></span> <span class='ocrx_word' id='word_1_398' title='bbox 920 2939 1142 3007; x_wconf 78' lang='lat' dir='ltr'><strong>voraufgeheude</strong></span> <span class='ocrx_word' id='word_1_399' title='bbox 1171 2941 1244 3009; x_wconf 67' lang='grc'><strong>11333-</strong></span> 
     </span>
     <span class='ocr_line' id='line_1_62' title="bbox 701 3007 1245 3087; baseline -0.004 -24"><span class='ocrx_word' id='word_1_400' title='bbox 701 3010 759 3063; x_wconf 91' lang='grc'><strong>1133</strong></span> <span class='ocrx_word' id='word_1_401' title='bbox 780 3032 814 3051; x_wconf 97' lang='lat'>=</span> <span class='ocrx_word' id='word_1_402' title='bbox 838 3015 915 3063; x_wconf 88' lang='lat' dir='ltr'><strong>‘nur</strong></span> <span class='ocrx_word' id='word_1_403' title='bbox 943 3007 1034 3085; x_wconf 75' lang='lat' dir='ltr'><strong>dpss.</strong></span> <span class='ocrx_word' id='word_1_404' title='bbox 1054 3008 1245 3087; x_wconf 65' lang='grc' dir='ltr'><strong>Ι3133333133</strong></span> 
     </span>
     <span class='ocr_line' id='line_1_63' title="bbox 700 3074 1245 3149; baseline -0.004 -18"><span class='ocrx_word' id='word_1_405' title='bbox 700 3077 806 3131; x_wconf 82' lang='grc'><strong>313333</strong></span> <span class='ocrx_word' id='word_1_406' title='bbox 830 3078 922 3131; x_wconf 85' lang='lat' dir='ltr'><strong>dass’</strong></span> <span class='ocrx_word' id='word_1_407' title='bbox 947 3074 1002 3141; x_wconf 83' lang='grc' dir='ltr'><strong>[οτι</strong></span> <span class='ocrx_word' id='word_1_408' title='bbox 1020 3076 1070 3149; x_wconf 73' lang='grc' dir='ltr'><strong>μη]</strong></span> <span class='ocrx_word' id='word_1_409' title='bbox 1090 3076 1179 3132; x_wconf 88' lang='lat' dir='ltr'><strong>haben</strong></span> <span class='ocrx_word' id='word_1_410' title='bbox 1195 3090 1245 3129; x_wconf 85' lang='lat' dir='ltr'><strong>ver·</strong></span> 
     </span>
     <span class='ocr_line' id='line_1_64' title="bbox 701 3142 1245 3209; baseline 0.004 -12"><span class='ocrx_word' id='word_1_411' title='bbox 701 3143 800 3197; x_wconf 91' lang='lat' dir='ltr'><strong>einzeft</strong></span> <span class='ocrx_word' id='word_1_412' title='bbox 818 3144 887 3198; x_wconf 91' lang='grc'><strong>33313</strong></span> <span class='ocrx_word' id='word_1_413' title='bbox 907 3143 1000 3197; x_wconf 83' lang='lat' dir='ltr'><strong>Cicero</strong></span> <span class='ocrx_word' id='word_1_414' title='bbox 1021 3160 1054 3209; x_wconf 21' lang='lat' dir='ltr'><strong>(kz.</strong></span> <span class='ocrx_word' id='word_1_415' title='bbox 1074 3142 1101 3198; x_wconf 87' lang='lat' dir='ltr'><strong>B.</strong></span> <span class='ocrx_word' id='word_1_416' title='bbox 1122 3146 1245 3201; x_wconf 74' lang='grc'><strong>3331831</strong></span> 
     </span>
     <span class='ocr_line' id='line_1_65' title="bbox 700 3209 1246 3277; baseline -0.004 -12"><span class='ocrx_word' id='word_1_417' title='bbox 700 3227 763 3277; x_wconf 86' lang='lat' dir='ltr'><strong>epp.</strong></span> <span class='ocrx_word' id='word_1_418' title='bbox 788 3216 828 3266; x_wconf 83' lang='lat'><strong>13.</strong></span> <span class='ocrx_word' id='word_1_419' title='bbox 852 3216 875 3266; x_wconf 86' lang='lat'><strong>1.</strong></span> <span class='ocrx_word' id='word_1_420' title='bbox 897 3210 928 3277; x_wconf 81' lang='lat'><strong>2)</strong></span> <span class='ocrx_word' id='word_1_421' title='bbox 953 3209 1088 3264; x_wconf 81' lang='grc'><strong>3113133</strong></span> <span class='ocrx_word' id='word_1_422' title='bbox 1113 3212 1153 3276; x_wconf 91' lang='lat' dir='ltr'><strong>(z.</strong></span> <span class='ocrx_word' id='word_1_423' title='bbox 1171 3211 1196 3266; x_wconf 86' lang='lat' dir='ltr'><strong>u.</strong></span> <span class='ocrx_word' id='word_1_424' title='bbox 1212 3212 1246 3263; x_wconf 80' lang='lat' dir='ltr'><strong>m.</strong></span> 
     </span>
     <span class='ocr_line' id='line_1_66' title="bbox 698 3276 1247 3345; baseline 0.002 -16"><span class='ocrx_word' id='word_1_425' title='bbox 698 3282 739 3333; x_wconf 86' lang='grc'><strong>46.</strong></span> <span class='ocrx_word' id='word_1_426' title='bbox 765 3276 815 3345; x_wconf 84' lang='lat'>15).</span> <span class='ocrx_word' id='word_1_427' title='bbox 843 3308 874 3315; x_wconf 96' lang='lat'>—</span> <span class='ocrx_word' id='word_1_428' title='bbox 901 3278 1036 3340; x_wconf 83' lang='lat' dir='ltr'><strong>melior,</strong></span> <span class='ocrx_word' id='word_1_429' title='bbox 1061 3279 1247 3334; x_wconf 79' lang='grc'><strong>3331131333</strong></span> 
     </span>
     <span class='ocr_line' id='line_1_67' title="bbox 699 3345 1011 3407; baseline 0.01 -11"><span class='ocrx_word' id='word_1_430' title='bbox 699 3345 872 3407; x_wconf 87' lang='lat' dir='ltr'><strong>voruherein,</strong></span> <span class='ocrx_word' id='word_1_431' title='bbox 892 3362 925 3400; x_wconf 92' lang='lat' dir='ltr'><strong>an</strong></span> <span class='ocrx_word' id='word_1_432' title='bbox 944 3345 1011 3399; x_wconf 89' lang='grc'><strong>31313.</strong></span> 
     </span>
    </p>
   </div>
   <div class='ocr_carea' id='block_1_10' title="bbox 697 3436 1248 3760">
    <p class='ocr_par' dir='ltr' id='par_1_10' title="bbox 697 3436 1248 3760">
     <span class='ocr_line' id='line_1_68' title="bbox 732 3436 1247 3499; baseline 0 -10"><span class='ocrx_word' id='word_1_433' title='bbox 732 3441 772 3492; x_wconf 78' lang='grc'><strong>31.</strong></span> <span class='ocrx_word' id='word_1_434' title='bbox 785 3444 858 3493; x_wconf 84' lang='grc'><strong>3313</strong></span> <span class='ocrx_word' id='word_1_435' title='bbox 867 3455 949 3499; x_wconf 88' lang='lat' dir='ltr'><strong>rum,</strong></span> <span class='ocrx_word' id='word_1_436' title='bbox 961 3437 1178 3494; x_wconf 61' lang='grc' dir='ltr'><strong>3133333333Ξ</strong></span> <span class='ocrx_word' id='word_1_437' title='bbox 1190 3436 1247 3492; x_wconf 81' lang='lat' dir='ltr'><strong>‘wie</strong></span> 
     </span>
     <span class='ocr_line' id='line_1_69' title="bbox 699 3504 1248 3567; baseline 0 -8"><span class='ocrx_word' id='word_1_438' title='bbox 699 3504 759 3559; x_wconf 91' lang='lat' dir='ltr'><strong>dem</strong></span> <span class='ocrx_word' id='word_1_439' title='bbox 782 3505 851 3559; x_wconf 91' lang='grc'><strong>33313</strong></span> <span class='ocrx_word' id='word_1_440' title='bbox 874 3505 937 3567; x_wconf 86' lang='lat' dir='ltr'><strong>sei’,</strong></span> <span class='ocrx_word' id='word_1_441' title='bbox 962 3507 1014 3559; x_wconf 90' lang='lat' dir='ltr'><strong>wie</strong></span> <span class='ocrx_word' id='word_1_442' title='bbox 1036 3508 1061 3558; x_wconf 84' lang='grc'><strong>6,</strong></span> <span class='ocrx_word' id='word_1_443' title='bbox 1087 3512 1126 3557; x_wconf 91' lang='grc'><strong>11.</strong></span> <span class='ocrx_word' id='word_1_444' title='bbox 1148 3511 1189 3560; x_wconf 77' lang='grc'><strong>33.</strong></span> <span class='ocrx_word' id='word_1_445' title='bbox 1219 3530 1248 3541; x_wconf 81' lang='lat'><strong>-·</strong></span> 
     </span>
     <span class='ocr_line' id='line_1_70' title="bbox 697 3572 1246 3637; baseline 0.004 -12"><span class='ocrx_word' id='word_1_446' title='bbox 697 3572 716 3625; x_wconf 86' lang='grc'><strong>13</strong></span> <span class='ocrx_word' id='word_1_447' title='bbox 722 3572 815 3637; x_wconf 78' lang='grc'><strong>31331,</strong></span> <span class='ocrx_word' id='word_1_448' title='bbox 833 3589 881 3627; x_wconf 88' lang='grc'><strong>333</strong></span> <span class='ocrx_word' id='word_1_449' title='bbox 895 3573 956 3627; x_wconf 90' lang='lat' dir='ltr'><strong>dem</strong></span> <span class='ocrx_word' id='word_1_450' title='bbox 966 3574 1156 3637; x_wconf 81' lang='lat' dir='ltr'><strong>distribuere;</strong></span> <span class='ocrx_word' id='word_1_451' title='bbox 1170 3572 1246 3629; x_wconf 84' lang='lat' dir='ltr'><strong>hohe-</strong></span> 
     </span>
     <span class='ocr_line' id='line_1_71' title="bbox 699 3637 1246 3702; baseline -0.004 -9"><span class='ocrx_word' id='word_1_452' title='bbox 699 3640 762 3693; x_wconf 89' lang='lat' dir='ltr'><strong>bom</strong></span> <span class='ocrx_word' id='word_1_453' title='bbox 778 3662 812 3684; x_wconf 90' lang='lat'>=</span> <span class='ocrx_word' id='word_1_454' title='bbox 828 3641 902 3694; x_wconf 90' lang='lat' dir='ltr'><strong>hatte</strong></span> <span class='ocrx_word' id='word_1_455' title='bbox 920 3641 1002 3702; x_wconf 88' lang='lat' dir='ltr'><strong>noch,</strong></span> <span class='ocrx_word' id='word_1_456' title='bbox 1023 3640 1118 3696; x_wconf 91' lang='lat' dir='ltr'><strong>hatte</strong></span> <span class='ocrx_word' id='word_1_457' title='bbox 1138 3637 1246 3697; x_wconf 89' lang='lat' dir='ltr'><strong>behal-</strong></span> 
     </span>
     <span class='ocr_line' id='line_1_72' title="bbox 700 3713 763 3760; baseline 0 -1"><span class='ocrx_word' id='word_1_458' title='bbox 700 3713 763 3760; x_wconf 91' lang='lat' dir='ltr'><strong>teu.</strong></span> 
     </span>
    </p>
   </div>
   <div class='ocr_carea' id='block_1_11' title="bbox 696 3806 1249 4343">
    <p class='ocr_par' dir='ltr' id='par_1_11' title="bbox 696 3806 1249 4343">
     <span class='ocr_line' id='line_1_73' title="bbox 732 3806 1248 3875; baseline 0.008 -19"><span class='ocrx_word' id='word_1_459' title='bbox 732 3808 886 3862; x_wconf 71' lang='grc'><strong>33111331</strong></span> <span class='ocrx_word' id='word_1_460' title='bbox 895 3810 1187 3875; x_wconf 59' lang='lat' dir='ltr'><strong>...innovissimo</strong></span> <span class='ocrx_word' id='word_1_461' title='bbox 1204 3806 1248 3863; x_wconf 83' lang='lat' dir='ltr'><strong>[ter</strong></span> 
     </span>
     <span class='ocr_line' id='line_1_74' title="bbox 698 3872 1249 3944; baseline 0.007 -18"><span class='ocrx_word' id='word_1_462' title='bbox 698 3872 848 3939; x_wconf 80' lang='lat' dir='ltr'><strong>Gegensatz</strong></span> <span class='ocrx_word' id='word_1_463' title='bbox 862 3876 946 3942; x_wconf 78' lang='lat' dir='ltr'><strong>zeigt,</strong></span> <span class='ocrx_word' id='word_1_464' title='bbox 966 3877 1027 3931; x_wconf 89' lang='lat' dir='ltr'><strong>dass</strong></span> <span class='ocrx_word' id='word_1_465' title='bbox 1041 3878 1209 3944; x_wconf 79' lang='lat' dir='ltr'><strong>Antiphanes</strong></span> <span class='ocrx_word' id='word_1_466' title='bbox 1220 3898 1249 3911; x_wconf 90' lang='lat'>-</span> 
     </span>
     <span class='ocr_line' id='line_1_75' title="bbox 698 3942 1248 4007; baseline 0.004 -14"><span class='ocrx_word' id='word_1_467' title='bbox 698 3942 866 4007; x_wconf 81' lang='lat' dir='ltr'><strong>wenigstens</strong></span> <span class='ocrx_word' id='word_1_468' title='bbox 894 3945 962 3997; x_wconf 89' lang='grc'><strong>33313</strong></span> <span class='ocrx_word' id='word_1_469' title='bbox 990 3943 1039 3997; x_wconf 92' lang='lat' dir='ltr'><strong>der</strong></span> <span class='ocrx_word' id='word_1_470' title='bbox 1064 3945 1179 3999; x_wconf 82' lang='lat' dir='ltr'><strong>husieht</strong></span> <span class='ocrx_word' id='word_1_471' title='bbox 1206 3942 1248 3999; x_wconf 85' lang='lat' dir='ltr'><strong>das</strong></span> 
     </span>
     <span class='ocr_line' id='line_1_76' title="bbox 699 4008 1248 4067; baseline 0 -6"><span class='ocrx_word' id='word_1_472' title='bbox 699 4008 912 4065; x_wconf 82' lang='lat' dir='ltr'><strong>Schriftsteffers</strong></span> <span class='ocrx_word' id='word_1_473' title='bbox 940 4038 973 4047; x_wconf 90' lang='lat'>—</span> <span class='ocrx_word' id='word_1_474' title='bbox 1000 4011 1043 4064; x_wconf 89' lang='lat' dir='ltr'><strong>ein</strong></span> <span class='ocrx_word' id='word_1_475' title='bbox 1067 4010 1164 4067; x_wconf 86' lang='lat' dir='ltr'><strong>Selave</strong></span> <span class='ocrx_word' id='word_1_476' title='bbox 1189 4009 1248 4067; x_wconf 90' lang='lat' dir='ltr'><strong>oder</strong></span> 
     </span>
     <span class='ocr_line' id='line_1_77' title="bbox 698 4074 1248 4142; baseline 0 -13"><span class='ocrx_word' id='word_1_477' title='bbox 698 4075 917 4142; x_wconf 74' lang='lat' dir='ltr'><strong>h‘reigetassener</strong></span> <span class='ocrx_word' id='word_1_478' title='bbox 941 4095 1005 4133; x_wconf 85' lang='lat' dir='ltr'><strong>war.</strong></span> <span class='ocrx_word' id='word_1_479' title='bbox 1048 4078 1108 4133; x_wconf 80' lang='grc'><strong>11133</strong></span> <span class='ocrx_word' id='word_1_480' title='bbox 1131 4080 1168 4134; x_wconf 91' lang='grc'><strong>131</strong></span> <span class='ocrx_word' id='word_1_481' title='bbox 1185 4074 1248 4133; x_wconf 88' lang='grc'><strong>33313</strong></span> 
     </span>
     <span class='ocr_line' id='line_1_78' title="bbox 696 4142 1248 4207; baseline 0 -10"><span class='ocrx_word' id='word_1_482' title='bbox 696 4160 731 4197; x_wconf 89' lang='grc'><strong>33</strong></span> <span class='ocrx_word' id='word_1_483' title='bbox 749 4144 806 4199; x_wconf 91' lang='lat' dir='ltr'><strong>und</strong></span> <span class='ocrx_word' id='word_1_484' title='bbox 825 4146 869 4199; x_wconf 83' lang='lat' dir='ltr'><strong>frir</strong></span> <span class='ocrx_word' id='word_1_485' title='bbox 888 4146 946 4200; x_wconf 87' lang='grc'><strong>31313</strong></span> <span class='ocrx_word' id='word_1_486' title='bbox 964 4146 1202 4207; x_wconf 86' lang='lat' dir='ltr'><strong>wahrseheinlieh.</strong></span> <span class='ocrx_word' id='word_1_487' title='bbox 1219 4142 1248 4199; x_wconf 91' lang='lat' dir='ltr'><strong>da</strong></span> 
     </span>
     <span class='ocr_line' id='line_1_79' title="bbox 697 4210 1247 4287; baseline 0.002 -24"><span class='ocrx_word' id='word_1_488' title='bbox 697 4210 740 4264; x_wconf 91' lang='lat' dir='ltr'><strong>die</strong></span> <span class='ocrx_word' id='word_1_489' title='bbox 765 4210 869 4268; x_wconf 89' lang='lat' dir='ltr'><strong>Stellen</strong></span> <span class='ocrx_word' id='word_1_490' title='bbox 895 4213 943 4268; x_wconf 92' lang='lat' dir='ltr'><strong>der</strong></span> <span class='ocrx_word' id='word_1_491' title='bbox 972 4212 1247 4287; x_wconf 72' lang='lat' dir='ltr'><strong>Suhafternheamten</strong></span> 
     </span>
     <span class='ocr_line' id='line_1_80' title="bbox 697 4277 1248 4343; baseline -0.004 -11"><span class='ocrx_word' id='word_1_492' title='bbox 697 4277 754 4333; x_wconf 87' lang='lat' dir='ltr'><strong>also</strong></span> <span class='ocrx_word' id='word_1_493' title='bbox 778 4280 847 4334; x_wconf 90' lang='lat' dir='ltr'><strong>auch</strong></span> <span class='ocrx_word' id='word_1_494' title='bbox 870 4298 896 4335; x_wconf 95' lang='lat' dir='ltr'><strong>u.</strong></span> <span class='ocrx_word' id='word_1_495' title='bbox 915 4298 938 4336; x_wconf 88' lang='grc'><strong>3.</strong></span> <span class='ocrx_word' id='word_1_496' title='bbox 962 4277 1248 4343; x_wconf 89' lang='lat' dir='ltr'><strong>derSehreiher,he1</strong></span> 
     </span>
    </p>
   </div>
   <div class='ocr_carea' id='block_1_12' title="bbox 0 0 1380 4776">
    <p class='ocr_par' dir='ltr' id='par_1_12' title="bbox 0 0 1380 4776">
     <span class='ocr_line' id='line_1_81' title="bbox 0 0 1380 4776; baseline 0 0"><span class='ocrx_word' id='word_1_497' title='bbox 0 0 1380 4776; x_wconf 95' lang='lat' dir='ltr'><strong> </strong></span> 
     </span>
    </p>
   </div>
  </div>
 </body>
</html>
