2752 4776
410 219 666 272 Hrsronrenuu
685 220 899 272 Anuxsunnr
917 220 970 281 iv,
990 222 1012 268 1.
1250 217 1291 281 93

114 400 183 453 tota
207 388 283 451 urbe
306 389 455 450 discurrit.
485 389 617 450 Aliorum
633 388 776 457 studium,
800 387 925 449 aliorum
946 386 1110 465 indignatio
1126 386 1290 448 eminebat:

120 475 318 536 divitissimus
340 475 465 553 quisque
487 472 680 535 humilitatem
703 473 893 549 inopiamque
916 474 979 532 eius
1001 469 1080 547 apud
1094 473 1205 531 amicos
1224 470 1291 533 Ale·

121 559 231 621 xandri
254 555 475 619 criminabatur.
519 557 640 617 Admitti
662 574 729 617 eum
752 574 806 617 rex
828 557 964 634 protinus
986 557 1070 616 iussit
1089 554 1198 634 diuque
1220 573 1290 615 corr·
1309 562 1342 612 25

122 641 300 721 temptatus,
323 640 497 721 ‘Corporis’,
526 641 636 718 inquit,
661 638 790 701 ‘habitus
807 640 900 701 lamae
922 640 1041 717 generis
1055 657 1116 699 non
1131 649 1290 718 repugnat:

123 725 177 789 sed
199 726 274 787 libet
295 726 386 794 scire,
409 726 539 802 inopiam
562 743 619 805 qua
642 726 782 804 patientia
797 722 903 785 tuleris
913 724 936 782 l’
960 722 1116 793 Tumida,
1140 724 1290 791 ‘Utinam’,

123 812 236 889 inquit,
267 808 384 871 ‘eodem
406 810 505 871 animo
527 826 652 887 regnum
680 810 741 888 pati
768 808 894 888 possim!
929 807 985 868 hac
1013 825 1120 869 manus
1147 808 1292 869 suffecere

124 894 276 957 desiderio
299 911 380 954 meo:
410 891 484 953 nihil
506 892 627 955 habenti
649 893 721 955 nihil
751 892 864 956 deluit’
909 892 1032 971 Magnae
1060 889 1168 952 indolis
1196 894 1291 971 speci·
1310 899 1343 948 eo

125 997 196 1041 men
219 998 255 1040 ex
277 977 336 1038 hoc
358 994 496 1038 sermone
518 976 711 1056 Abdalonymi
725 979 813 1058 cepit.
851 977 952 1056 ltaque
965 993 1026 1036 non
1038 976 1185 1037 Stratonis
1204 976 1291 1036 modo

126 1064 242 1141 regiam
262 1059 477 1141 supellectilem
494 1060 616 1122 attribui
631 1063 658 1123 ei
673 1062 769 1130 iussit,
793 1061 845 1122 sed
861 1059 1003 1140 pleraque
1020 1061 1107 1120 etiam
1123 1078 1160 1120 ex
1174 1061 1292 1122 Persica

125 1146 253 1228 praeda,
278 1146 431 1225 regionem
454 1164 572 1226 quoque
595 1145 665 1207 urbi
686 1147 849 1225 adpositam
872 1145 984 1205 dicioni
1006 1147 1070 1206 eius
1092 1143 1207 1205 adiecit.

85 1226 111 1293 Ξ)
209 1230 329 1292 Interea
351 1231 505 1309 Amyntas,
536 1231 682 1309 quemad
710 1230 816 1290 Persas
838 1228 875 1291 ab
903 1226 1071 1290 Alexandro
1098 1229 1343 1304 transfugissent

120 1314 272 1385 diximus,
303 1331 370 1374 eum
394 1321 531 1392 quattuor
552 1314 673 1375 milibus
700 1314 882 1376 Graecorum
910 1315 1008 1392 ipsum
1037 1331 1072 1374 ex
1101 1314 1164 1373 acie
1191 1328 1293 1388 perse-

120 1401 201 1462 ·cutis
236 1398 308 1476 iuga
340 1396 476 1477 Tripolin
508 1400 651 1477 pervenit.
696 1397 768 1458 lude
801 1399 831 1457 in
858 1415 947 1459 naves
980 1395 1123 1457 militibus
1159 1396 1294 1473 inpositis

121 1483 260 1563 Cyprum
286 1484 450 1543 transmisit
473 1490 516 1557 et,
544 1500 612 1543 cum
635 1484 667 1542 in
688 1480 739 1542 illo
761 1490 839 1543 statu
861 1498 962 1541 rarum
976 1480 1008 1541 id
1023 1498 1185 1560 quemque,
1214 1480 1293 1556 quod

123 1573 316 1645 occupasset,
353 1564 523 1627 habiturum
556 1565 753 1629 arbitraretur
785 1565 864 1627 velut
898 1573 980 1627 certo
1012 1566 1077 1625 iure
1110 1581 1293 1643 possessum,

126 1653 296 1732 Aegyptum
315 1659 418 1729 petere
441 1649 586 1711 decrevit:
615 1652 731 1728 utrique
754 1652 818 1727 regi
845 1649 939 1710 hostis
962 1657 992 1709 et
1014 1666 1132 1728 semper
1155 1668 1189 1712 cx
1214 1649 1294 1709 anci-

125 1738 181 1817 piti
209 1734 373 1797 mutatione
400 1745 567 1813 temporum
595 1734 738 1813 pendens.
783 1734 984 1811 Hortatusque
1010 1735 1118 1795 milites
1146 1734 1184 1795 ad
1211 1751 1294 1813 spern
1312 1751 1346 1802 28

126 1826 232 1879 tantan
255 1819 300 1878 rei
329 1817 416 1879 docet
443 1816 592 1888 Sabacen,
629 1826 798 1897 praetorem
821 1819 959 1898 Aegypti,
991 1817 1134 1879 cecidisse
1155 1820 1188 1879 in
1217 1821 1293 1880 acie:

125 1902 289 1964 Persarmn
316 1902 498 1983 praesidium
527 1910 556 1963 et
584 1903 647 1963 sine
675 1901 751 1963 duce
779 1919 843 1962 esse
873 1909 902 1962 et
929 1900 1104 1972 invalidum,
1138 1903 1296 1982 Aegyptios

127 2004 251 2066 semper
271 1985 461 2065 praetoribus
483 2004 588 2047 eorum
608 1986 732 2051 infestos
754 2003 809 2064 pro
832 1987 920 2045 sociis
942 1988 1035 2062 ipsos,
1070 2003 1131 2047 non
1157 2005 1213 2065 pro
1241 1987 1295 2046 ho-

128 2071 225 2133 stibus
254 2071 471 2131 aestimaturos.
525 2069 628 2131 Omnia
657 2070 786 2148 experiri
817 2070 976 2130 necessitas
1011 2071 1150 2147 cogebat,
1185 2072 1296 2150 quippe
1313 2082 1346 2131 29

128 2173 197 2217 cum
220 2155 332 2235 primas
353 2172 423 2234 spes
442 2154 561 2216 fortuna
578 2154 721 2223 destituit,
745 2153 845 2215 lutura
860 2154 1066 2233 praesentibus
1081 2156 1218 2217 videntur
1233 2174 1297 2217 esse

129 2240 253 2318 potiora.
305 2237 399 2315 igitur
427 2237 626 2307 conclamant,
662 2238 797 2313 duceret,
834 2255 892 2315 quo
919 2238 1078 2300 videretur.
1123 2240 1219 2317 Atque
1246 2238 1296 2300 ille

132 2322 275 2385 utendum
298 2323 423 2390 animis,
447 2323 518 2382 dum
539 2341 592 2401 spe
615 2322 760 2391 calerent,
783 2330 879 2391 ratus,
904 2322 941 2385 ad
955 2321 1064 2383 Pelusii
1080 2325 1188 2386 ostium
1204 2343 1295 2402 pene-

131 2414 202 2477 tret,
227 2405 370 2467 simulans
393 2424 410 2467 a
432 2405 526 2467 Dareo
548 2425 581 2467 se
604 2425 670 2468 esse
691 2408 898 2484 praemissum.
942 2408 1058 2468 Potitus
1088 2425 1159 2486 ergo
1186 2407 1296 2468 Pelusii
1314 2417 1347 2466 30

129 2489 294 2571 Memphim
311 2492 411 2570 copias
433 2491 594 2568 promovit:
618 2490 655 2551 ad
670 2493 756 2553 cuius
779 2491 887 2553 lamam
902 2493 1052 2570 Aegyptii,
1077 2509 1149 2552 vana
1171 2509 1245 2567 gons
1268 2500 1297 2550 et

165 2675 207 2728 25.
220 2672 317 2736 libet,
342 2679 383 2727 ‘es
408 2671 540 2738 geluscet,
566 2671 690 2738 verlangt
775 2677 816 2727 28.
829 2671 997 2735 Sabacen,
1011 2677 1035 2726 3.
1051 2675 1144 2726 11.10.

128 2739 336 2805 micha—qua
372 2738 690 2800 clientiaechtlatei·
775 2737 1296 2805 29.quippe-patiara,Erlauce·

129 2806 228 2862 nische
240 2804 331 2861 Krirze
340 2755 386 2860 lbr
395 2806 487 2873 qualis
496 2805 547 2860 illa
553 2814 613 2872 pat.
625 2806 690 2884 fue·
742 2821 815 2873 rung
842 2806 890 2860 der
913 2805 1011 2884 Wopte
1040 2807 1135 2861 omnia
1157 2811 1297 2873 experiri.

129 2876 181 2938 rit,
193 2890 251 2941 qna
264 2879 315 2928 etc.
329 2900 361 2911 -
378 2887 521 2940 repnum
531 2876 619 2940 pati,
638 2872 691 2929 dre
743 2872 822 2928 Sinn:
836 2871 884 2927 das
897 2872 1040 2929 Schertern
1053 2873 1102 2928 der
1115 2881 1231 2930 ersten
1243 2875 1268 2931 d.
1281 2876 1298 2930 i.

128 2940 212 2996 Last
233 2938 290 2997 der
313 2938 426 2996 Krane
446 2941 691 3007 tragemdesr'·
743 2940 792 2995 der
824 2940 1136 3008 ursprunglichen,
1166 2942 1298 3010 cigent-

128 3008 248 3071 dcrr'n,
261 3004 319 3061 fiir
334 3007 442 3062 moine
458 3005 690 3063 Beddrfnisse.
743 3006 858 3062 lichen
875 3006 958 3062 Plane
975 3009 1066 3063 macht
1083 3009 1136 3064 den
1153 3008 1299 3065 blenschen

165 3078 209 3129 26.
223 3076 399 3141 specimen
410 3102 443 3112 —
456 3077 546 3142 cepit
558 3097 591 3117 =
605 3091 634 3130 er
648 3091 688 3130 er-
743 3090 804 3130 zum
817 3074 974 3141 unruhigen
983 3072 1162 3131 Abeuteurer.
1188 3077 1227 3131 hn
1236 3094 1299 3133 vor-

130 3140 204 3197 hielt
216 3140 480 3208 denEindruck(eig.
489 3140 608 3208 einssild)
616 3142 691 3196 einer
743 3140 888 3209 liegenden
904 3140 978 3197 Palle
995 3142 1032 3198 ist
1050 3141 1094 3198 bei
1108 3145 1220 3211 primae
1233 3161 1299 3211 spes

129 3206 299 3270 erhabenste
310 3207 607 3275 grossenDenhweise;
618 3208 690 3263 hhnl.
743 3225 777 3264 an
801 3207 853 3263 den
871 3209 935 3276 Sieg
951 3209 999 3265 des
1016 3210 1111 3267 ilarius
1134 3228 1168 3267 zu
1184 3210 1299 3267 denken.

129 3274 401 3332 nonantulanae.
419 3280 442 3330 1.
453 3280 486 3328 32
499 3290 574 3342 spec.
587 3291 692 3343 capere
741 3277 811 3344 fort.
829 3276 957 3332 destituit
972 3292 1063 3343 spem
1079 3279 1134 3333 wie
1146 3278 1214 3334 Vell.
1230 3283 1253 3332 2.
1267 3284 1299 3331 69

130 3359 173 3400 ex
190 3358 232 3398 re.
245 3370 278 3379 —
293 3342 463 3410 pleraque
475 3356 532 3404 ea,
550 3360 572 3399 s.
585 3343 652 3399 llinl.
664 3343 691 3408 3.
742 3343 1301 3410 fortenedestituit-utendamani-

129 3415 165 3463 2⁹
177 3425 200 3465 a.
215 3411 294 3488 Aram.
312 3437 343 3448 -—
360 3410 559 3478 adpositam
575 3432 608 3453 =
625 3413 692 3466 aici-
743 3410 1301 3477 mis,vgl.10.8.-Pelasiiostiam

131 3494 214 3540 nam,
239 3491 277 3531 rm
302 3477 411 3544 eigeutl.
434 3477 517 3534 Sinne
538 3485 613 3544 poet.
636 3477 694 3533 und
744 3477 978 3543 =Pelasiacam,
991 3479 1028 3533 ist
1038 3477 1115 3534 wohl
1124 3479 1201 3535 nicht
1210 3497 1244 3535 zu
1254 3485 1300 3535 hn-

131 3543 242 3601 nachcl.
745 3545 825 3608 deum
839 3545 894 3614 vgl.
906 3548 1138 3612 promunturium
1161 3547 1301 3615 Pachyni,

167 3616 211 3667 27.
225 3611 405 3676 Amyntas,
418 3610 472 3678 vgl.
485 3617 509 3666 3.
524 3616 562 3667 11.
577 3615 617 3667 18.
648 3611 693 3667 bie
743 3614 850 3677 flumen
861 3614 986 3669 Asturae
998 3613 1043 3668 boi
1054 3613 1111 3670 Liv.

131 3678 268 3746 taigende
280 3677 436 3746 srzahlung
452 3679 556 3735 stimme
569 3679 693 3735 ziemlich
778 3683 820 3734 30.
832 3683 981 3746 potitus,-
992 3680 1062 3736 dher
1072 3681 1124 3737 den
1134 3698 1223 3749 gens.
1232 3683 1301 3738 Einl.

130 3762 227 3814 genau
239 3746 290 3800 mit
301 3745 363 3801 dem
372 3746 601 3803 Berichtlliodors
612 3746 693 3803 ciber-
766 3790 772 3802 .
784 3750 825 3801 29.
838 3750 866 3810 6;
885 3751 986 3803 euius
997 3771 1031 3791 =
1043 3752 1126 3804 craias
1138 3752 1191 3812 rei,
1206 3749 1300 3804 cheud.

133 3814 189 3876 ein,
207 3812 282 3868 doch
298 3813 346 3868 hat
366 3813 406 3869 sie
430 3813 518 3881 einige
535 3814 693 3871 Peinheiten
766 3858 771 3869 .
789 3818 804 3866 7
822 3813 847 3869 h.
864 3849 897 3858 -
916 3832 1004 3870 anna
1073 3814 1185 3870 rebus.
1208 3814 1302 3870 [lieses

132 3880 188 3936 des
210 3878 379 3946 hlotiviruug
399 3897 507 3938 vorans.
542 3881 601 3949 Vgl.
626 3882 695 3938 auch
748 3880 853 3937 Urtheil
874 3883 910 3936 ist
927 3880 1077 3935 zutrellend
1098 3897 1151 3935 nur
1167 3882 1195 3935 in
1211 3881 1302 3949 Bezug

133 3949 333 4003 Arr.2.13.-
349 3947 462 4004 hastis
474 3954 539 4004 atr.
552 3953 638 4017 regi,
652 3950 696 4004 ein
749 3947 797 4003 aul
807 3948 851 4002 die
864 3949 921 4003 Zeit
933 3947 983 4003 der
994 3946 1158 4002 Ptolemaer.
1176 3976 1209 3986 —
1227 3953 1302 4016 qai-

133 4014 361 4071 llochverrather
373 4014 471 4071 beiden
480 4016 696 4084 Konigenptlex.
748 4030 818 4081 que.
852 4012 1039 4070 Vermuthlich
1053 4015 1101 4070 hat
1118 4013 1146 4071 C.
1160 4016 1230 4071 auch
1242 4017 1302 4073 hier

135 4098 164 4138 u.
187 4080 259 4146 liar.)
281 4081 448 4149 gegenriber.
466 4110 497 4119 -
515 4098 649 4150 semper
749 4083 865 4148 quisque
878 4079 1066 4148 geschriehen,
1084 4082 1139 4138 wie
1155 4088 1179 4140 7.
1190 4089 1215 4140 4,
1228 4089 1261 4136 20
1273 4088 1304 4140 in

132 4148 455 4270 {endens'hesthndig
472 4149 551 4272 (ᾗεῑῑῑ
568 4151 621 4206 wie
635 4168 697 4207 vor·
748 4164 817 4205 suos
830 4150 946 4215 quisque
959 4151 1044 4205 nicos.
1068 4150 1128 4218 Vgl.
1144 4157 1168 4207 3.
1181 4157 1205 4207 3.
1217 4155 1258 4207 25.
1272 4181 1304 4188 —

157 4216 199 4279 er)
213 4217 273 4272 sich
286 4217 411 4273 mehtend
428 4233 478 4273 nac
515 4216 563 4272 der
576 4217 697 4274 wandel·
749 4217 811 4272 hoc
824 4217 834 4270 i
839 4233 858 4271 n
870 4218 973 4284 oppid
978 4233 1042 4282 am,
1053 4217 1134 4275 naml.
1144 4220 1213 4275 nach
1222 4218 1304 4276 blem-

137 4281 225 4338 baren
239 4283 403 4350 Gestaltung
414 4284 464 4340 der
475 4284 567 4352 llinge.
746 4283 809 4353 phis
822 4285 859 4350 (8.
871 4287 903 4336 31
917 4301 944 4340 u.
957 4289 998 4342 32.
1012 4286 1118 4351 urbem,
1132 4286 1220 4351 arbe).
1245 4288 1303 4354 Vgl.
