2804 4894
274 313 517 362 HISTORIABUM
538 311 742 362 Anaxaunni
762 315 813 382 vt,
835 311 860 361 2.
881 310 906 361 3.

23 487 94 532 mere
114 467 230 548 vulgato
252 469 364 532 Graeci
384 467 494 532 milites
515 469 614 531 redire
637 470 710 531 iussi
732 469 849 541 domos,
878 487 1004 550 morum
1022 469 1175 551 equitibus

23 554 132 634 singulis
153 554 313 616 donarium
337 571 408 616 sena
429 552 519 625 milia,
536 555 690 632 peditibus
703 551 826 629 sinuata
840 556 967 617 dederat
980 558 1077 617 milia:
1101 557 1175 636 ipsis
1300 615 1302 628 ,
1372 617 1374 624 χ

24 656 123 718 qnoque
150 639 243 700 finem
274 638 399 701 militiae
431 638 535 700 adesse
562 636 732 700 credebant.
785 638 870 700 lloud
898 657 983 701 secus
1010 657 1099 720 quam
1121 658 1175 720 par
1192 646 1225 697 18
1294 645 1295 650 ’
1350 639 1384 724 ip*

25 732 77 786 erat
93 723 222 794 territus,
246 725 303 802 qui
326 723 414 785 ludos
436 731 524 801 atque
546 719 649 785 ultima
672 721 802 784 Orientis
823 739 984 802 peragrare
1013 726 1172 796 statuisset,

25 808 170 888 praefectos
193 809 355 889 copiarum
376 809 407 868 in
429 808 611 886 praetorium
634 807 782 869 contrahit
803 805 977 886 obortisque
991 806 1124 871 lacrimis
1138 827 1173 871 ox

25 891 103 953 melio
122 893 238 971 gloriae
268 894 368 973 spatio
395 892 528 953 revocari
555 910 587 953 se
613 892 682 952 victi
708 893 802 970 magis
829 907 919 969 quam
940 893 1060 955 victoris
1082 892 1176 955 tortu·

23 993 77 1037 mm
96 978 125 1038 in
146 977 278 1056 patriam
303 976 470 1038 relaturum
493 984 672 1058 conquestus
694 983 752 1037 est:
777 993 832 1038 noc
855 975 912 1038 sihi
933 976 1076 1056 ignaviam
1099 976 1226 1039 mili-19
1344 971 1377 1058 “’ῐ;’Ι

22 1068 72 1120 tum
91 1059 219 1132 obstare,
244 1061 301 1124 sed
326 1061 416 1124 deum
436 1059 592 1130 invidiam,
616 1061 667 1140 qui
688 1059 857 1124 fortissimis
878 1063 950 1122 viris
972 1059 1102 1123 suhitam
1124 1080 1176 1142 pa·
1214 1097 1215 1100 =
1372 1059 1379 1072 ''

19 1147 83 1206 triae
102 1145 290 1208 desiduium
314 1144 525 1215 admovissent,
553 1143 641 1225 paulo
666 1152 735 1225 post
761 1146 791 1206 in
820 1146 945 1208 eandem
974 1163 1042 1208 oum
1064 1148 1177 1208 maiore
1360 1195 1377 1226 ‚„

11 1229 94 1310 laude
113 1229 253 1312 iamaquo
276 1230 429 1293 redituris.
474 1229 550 1291 Tum
573 1246 643 1290 vero
663 1246 719 1308 pro
740 1247 773 1290 so
794 1231 919 1311 qumque
941 1247 1063 1310 operam
1093 1249 1177 1293 suam
1194 1236 1228 1286 20
1317 1243 1332 1284 Ἀ

11 1313 128 1386 rohone,
156 1313 339 1377 dililcillima
360 1331 493 1396 quaeque
515 1331 656 1394 poscere,
678 1311 813 1394 polliceri
834 1313 960 1377 militum
982 1332 1101 1396 quoque
1123 1315 1177 1378 ob·
1331 1311 1356 1342 '⁴

11 1393 153 1477 lscqmum,
184 1401 212 1461 si
242 1402 364 1462 animos
392 1417 496 1462 eorum
524 1399 584 1461 leni
610 1405 641 1460 ct
666 1407 733 1479 apta
761 1400 896 1462 oratione
917 1400 1105 1479 permulcere
1127 1419 1177 1462 vo·

11 1477 121 1544 luisset:
149 1502 321 1565 numquam
349 1484 491 1547 inlroctos
518 1492 547 1546 et
568 1481 700 1545 abiectos
720 1485 897 1554 recessisse,
927 1486 1062 1564 quotiens
1083 1486 1177 1566 ipsius
1193 1489 1226 1540 ut

11 1564 189 1630 alacritatem
212 1577 245 1632 et
266 1569 343 1632 tanti
365 1568 454 1630 animi
477 1569 598 1649 spiritus
620 1568 740 1631 haurire
760 1570 936 1651 potuissent.
973 1567 1016 1631 lta
1032 1557 1065 1632 s'e
1080 1569 1175 1632 iactu·
1294 1643 1299 1654 ,
1347 1623 1351 1630 .

11 1665 76 1712 rrum
96 1670 160 1714 esse
181 1654 358 1736 respondit:
381 1652 425 1716 illi
446 1653 535 1715 modo
549 1651 629 1732 vulgi
645 1669 732 1716 aures
745 1661 960 1734 praepararent
980 1653 1047 1716 sibi.
1085 1655 1176 1717 Satis·
1306 1675 1309 1700 ⁸
1351 1677 1356 1722 2

11 1735 69 1862 pqne
89 1737 240 1810 omnibus,
272 1756 351 1820 quae
380 1740 411 1799 in
439 1755 503 1799 rom
533 1735 708 1800 videbantur
730 1755 810 1809 essu,
837 1739 998 1818 conpositis
1020 1741 1117 1801 vocari
1139 1739 1177 1802 ad

11 1821 174 1892 ,contionem
198 1824 368 1886 exercitum
389 1825 485 1893 iussit,
508 1822 586 1903 apud
608 1839 698 1901 quem
720 1822 809 1884 talem
830 1825 994 1886 orationem
1015 1821 1134 1886 hahuit:
1333 1869 1364 1914 ‚

525 1975 603 2037 CAP.
624 1973 674 2036 lll.

101 2089 345 2171 ‘Magnitudinem
360 2111 472 2163 rerum,
496 2110 567 2172 quas
583 2094 736 2172 gessimus,
760 2086 877 2163 milites,
900 2091 1081 2155 intuentihus
1096 2091 1179 2154 vobis
1197 2099 1210 2148 1

11 2161 132 2250 lumime
151 2179 265 2240 mirum
291 2187 349 2253 est,
373 2186 402 2240 ot
423 2172 735 2257 desiderium'qnietis
757 2185 786 2239 et
808 2179 973 2238 satietatem
994 2175 1107 2256 gloriae
1129 2195 1179 2239 oc·

11 2270 142 2328 peterere.
177 2262 217 2324 Ut
238 2265 377 2328 omittam
397 2261 529 2343 Illyrios,
551 2259 706 2332 Triballos,
729 2260 889 2333 Boeotiam,
906 2260 1073 2332 Thraciam,
1089 2262 1212 2344 Spar-2

33 2343 88 2411 tam.
105 2344 246 2420 Achaeos,
272 2347 521 2428 Peloponnesum,
545 2347 673 2427 qhorum
689 2345 747 2408 alia
764 2346 856 2410 ductu
876 2364 952 2417 meo,
975 2346 1032 2408 alia
1054 2349 1180 2428 imperio

12 2541 14 2566 ¹
32 2565 58 2575 -
84 2556 162 2621 cepa
183 2549 286 2605 milia
312 2546 573 2672 denariumm'pla
623 2546 794 2615 tartareas
814 2553 977 2610 emunctam
989 2546 1087 2603 indem
1097 2546 1181 2604 Sinna

30 2603 158 2679 littura)
175 2613 317 2685 hetrugen
336 2623 409 2672 etwa
427 2619 493 2669 1670
544 2632 573 2672 a·
623 2631 691 2671 ron:
711 2613 792 2671 ‘Freu
812 2630 837 2680 e,
849 2614 988 2682 Hoilunng
1007 2622 1058 2671 etc.
1075 2630 1125 2670 aus
1140 2621 1181 2670 et·

32 2669 75 2753 ¹05·
91 2676 144 2736 also
161 2685 283 2752 sinuata
306 2690 378 2740 etwa
399 2686 450 2736 260
467 2683 573 2740 Thaler.
623 2697 682 2738 was
700 2680 887 2751 schopien‘.
914 2679 1090 2738 Uehersetae:
1109 2679 1181 2736 sich

33 2735 69 2820 lte
82 2741 167 2804 Licha
184 2751 223 2808 ist
242 2768 274 2810 er
294 2755 357 2806 inat
374 2751 444 2807 uach
462 2750 572 2807 iliodor.
624 2747 788 2806 hescelen
805 2748 919 2806 lassen
936 2763 1000 2804 von
1012 2746 1083 2804 dem
1095 2747 1181 2804 llau·

31 2803 250 2888 ltellatlassung
275 2766 328 2875 {er
354 2818 488 2875 Griechen
513 2833 574 2875 war
625 2816 689 2874 che
719 2816 832 2874 seines
864 2814 1114 2880 lleldenmuths.
1147 2841 1182 2852 -

33 2876 88 2934 noch
108 2879 265 2944 temsethen
287 2902 350 2942 vor
374 2885 423 2942 der
450 2883 574 2942 Aniunit
622 2889 897 2953 praepararent.
915 2881 1182 2954 Seiunctusprtcht

34 2937 294 3077 {igmltpmpyloa
317 2953 387 3009 nach
410 2952 509 3010 arrian
526 2952 573 3009 he·
624 2967 679 3010 ron
696 2958 891 3020 praeparatae
909 2966 997 3008 aures
1010 2951 1181 3007 auditorum·

102 3031 135 3072 un
171 3036 187 3076 c

66 3082 99 3138 18.
123 3083 215 3144 haud
236 3105 341 3147 sacua
362 3097 414 3146 etc.
448 3086 574 3144 llieselhe
626 3087 696 3144 sein’
719 3085 808 3144 haben
830 3085 917 3144 sehon
942 3084 1008 3144 Sall.
1031 3103 1059 3144 u.
1081 3085 1182 3149 livius,

34 3137 123 3206 lormel
143 3156 234 3214 schon
257 3161 281 3210 3.
304 3160 329 3212 2.
350 3160 374 3213 1.
399 3184 433 3196 -
504 3157 574 3211 atio
626 3155 676 3212 der
692 3153 809 3212 letztere
821 3155 891 3212 auch
904 3154 948 3212 die
960 3153 1182 3236 aegensituliche

34 3229 59 3252 ²
73 3222 219 3282 curriculo.
252 3221 289 3281 So
308 3222 452 3280 schonhei
484 3222 574 3280 icero:
624 3221 727 3278 Phrase
754 3223 789 3280 ah
812 3237 844 3280 rc
865 3238 939 3280 esee.
977 3222 1025 3280 llre
1047 3220 1183 3279 Classrher

14 3337 16 3364 ,
37 3275 154 3349 leupario
164 3291 367 3360 curriculoque
378 3292 496 3358 mutauit
508 3307 575 3348 coa·
625 3288 764 3347 hranchen
782 3289 863 3347 datur
879 3305 919 3347 aa
931 3305 976 3354 re,
994 3305 1034 3348 ea
1045 3303 1183 3368 usuesse.

14 3353 135 3458 piaetatis
151 3361 303 3417 maiorum.
625 3385 659 3396 -
691 3357 793 3415 talem
823 3360 980 3416 orationem
1007 3381 1041 3402 =
1066 3356 1182 3411 rororis

63 3418 94 3472 1⁹·
111 3425 355 3484 admovissent.
390 3423 498 3482 Ehenso
511 3441 574 3481 vom
625 3416 799 3494 scrutarer.
822 3424 925 3483 iliodor
936 3425 1032 3482 deutet
1043 3441 1095 3480 nur
1108 3439 1182 3480 sum·

14 3467 18 3540 l
39 3477 135 3546 licite:
160 3498 261 3550 terror
286 3499 330 3551 est
351 3493 502 3562 oppidanis
523 3493 575 3548 ad·
625 3493 745 3550 marisch
762 3492 915 3550 denlnlralt
933 3490 1122 3549 einerlamals
1135 3504 1183 3557 ge-

39 3555 112 3610 matur
128 3555 170 3616 hei
186 3561 245 3620 hir.
258 3565 283 3619 t.
296 3566 336 3616 10.
348 3565 373 3619 3.
389 3587 424 3600 -
440 3563 475 3616 r'u
492 3575 575 3617 cau·
626 3559 1055 3618 haltenenlledehlesandersan
1068 3556 1120 3626 (1⁷.
1131 3556 1183 3623 74).

40 3612 335 3743 ξξπιῆιοὴατῐὴοῐοηῑε
354 3629 386 3685 in
404 3627 487 3684 ehen
505 3627 575 3684 die·
838 3679 894 3730 cn
920 3678 963 3729 m

15 3729 17 3784 Ἣ
69 3696 309 3836 ἔθχαιξὲἶὲῗὲεάεί.
349 3762 401 3820 ller
427 3761 576 3846 Hauptsatp
663 3767 686 3820 1.
699 3720 905 3828 occurrere,
919 3717 1002 3817 einen
1023 3760 1183 3842 hemistisch

44 3810 97 3893 litu
111 3835 146 3884 ut
163 3833 324 3901 obsequium
341 3832 459 3888 militum
475 3854 509 3876 ==
527 3848 578 3887 mr·
628 3830 787 3887 schwacher
804 3826 956 3887 Ausdruch.
1009 3826 1047 3895 gl.
1066 3827 1111 3883 dte
1127 3843 1183 3884 von

45 3877 93 3943 lter
108 3893 285 3957 mercaturos
303 3914 376 3956 esse·
549 3961 560 3980 τ
628 3898 681 3955 den
704 3896 859 3955 Classikern
885 3894 1072 3977 gebrauchten
1100 3894 1183 3974 Phra·

73 3956 107 4014 ²¹·
137 3969 289 4033 spiritus
323 3967 478 4024 haurire.
529 3966 577 4023 llre
629 3982 691 4022 sen:
714 3968 864 4030 memoria,
887 3969 1030 4031 caratauc,
1056 3963 1185 4027 defensio

45 4009 128 4083 iton
146 4038 278 4102 spiritum
304 4034 425 4092 isaurus
446 4057 480 4078 -
504 4037 576 4102 spir.
603 4043 606 4048 ’
628 4034 698 4089 milri
705 4034 841 4090 occurrit.
862 4028 938 4088 Ales.
948 4029 1033 4086 findet
1043 4044 1071 4085 es
1082 4027 1185 4085 erklar-

49 4085 152 4163 ΜΘΝ.
185 4105 290 4160 (lucere
316 4103 357 4157 -im
393 4101 577 4169 cigentlichen
628 4099 696 4163 lich,
723 4100 785 4156 dass
801 4100 867 4168 J'ene
884 4097 1029 4155 Gelonion
1052 4096 1105 4153 den
1123 4095 1184 4153 Sol-

51 4143 504 4234 llnnohathereitaCic.mehriach;
516 4169 577 4226 cles·
628 4167 709 4222 daton
730 4167 976 4235 nahegetreten
994 4163 1078 4221 seien.

206 3030 289 3080 atana
307 3019 417 3090 eriolgt
532 3037 537 3054 ,
625 3048 658 3058 -
680 3020 715 3075 iu
738 3033 807 3075 rem
823 3046 857 3058 -
874 3034 951 3076 esse
967 3039 1002 3065 =
1020 3017 1182 3076 ‘sorderlich

52 4215 152 4332 plistu
167 4236 282 4296 bruncht
300 4238 387 4295 echon
405 4252 435 4293 er
456 4237 577 4293 haurire
662 4239 686 4291 2.
708 4233 790 4290 Pelo
820 4249 998 4298 cunarum,
1018 4232 1185 4300 ‘uberhaupt

49 4293 203 4425 ι’ἷξξὲξιυωω
223 4307 285 4430 rp),
308 4322 336 4387 p.
361 4304 499 4428 ⁸⁰⁸¹·dl33·
523 4305 578 4361 wie
629 4302 794 4371 denganuen
821 4301 994 4372 eloponnes’.
1016 4298 1184 4358 Alonionn·

161 4413 167 4428 .
187 4391 210 4431 a.
253 4387 353 4430 aurare
370 4389 427 4441 acu
447 4389 514 4438 rum,
532 4387 578 4428 ao·
629 4378 658 4427 te
681 4387 713 4426 so
736 4370 870 4440 spreohen
894 4369 963 4426 nach
984 4367 1034 4425 der
1056 4367 1185 4425 Schlaoht
