2752 4776
168 176 233 242 234
624 190 658 251 q.
681 188 785 239 ccam
807 191 890 238 eurr

119 367 152 417 ιο
169 350 237 409 novi
252 347 434 409 desiderium
452 344 637 407 excitabatur
657 345 769 404 amissi.
796 343 853 406 Ubi
876 343 926 405 iile
944 354 1039 414 esset,
1062 346 1151 406 cuius
1172 347 1332 425 inperium,

169 434 254 493 ouius
268 431 435 509 auspicium
450 432 545 490 secuti
560 438 653 496 eraut,
670 427 873 506 requirebant.
904 430 1070 490 beatitutos
1079 447 1112 488 se
1125 432 1208 490 iuter
1217 429 1333 491 iniectas

168 516 388 594 indomitasque
404 521 522 593 gentes,
546 514 728 592 expetituras
749 519 793 572 tot
807 530 929 574 suarum
945 512 1072 574 cladium
1095 531 1225 592 poenas,
1249 530 1333 591 quau·

118 600 266 678 udoque
289 598 387 660 oblata
415 606 495 659 esset
521 599 648 658 occasio.
692 596 747 657 llis
768 595 998 674 cogitationibus
1024 599 1145 658 auitos
1167 596 1332 666 exedebut

169 701 237 744 curn
258 684 452 744 adnuntiatur
474 683 603 761 equites,
625 684 677 761 qui
699 679 756 741 stab
776 680 920 742 Perdicca
943 688 1058 751 meent,
1088 683 1248 761 occupatis
1264 685 1332 742 cirea

169 765 319 846 Babylona
343 769 456 845 campis
479 768 677 834 irurnentum,
701 765 779 844 quod
799 767 831 824 in
846 765 952 826 urbem
967 765 1150 834 vebebatur,
1172 767 1330 827 retinuisse.

119 869 151 919 12
169 851 271 928 Itaque
294 853 394 930 inopia
416 851 565 930 primum,
588 849 696 910 deinde
719 848 813 910 tames
835 867 901 910 esse
923 852 1037 927 coepit,
1062 858 1106 919 et,
1136 851 1193 930 qui·
1212 851 1245 910 in
1267 849 1330 910 urbe

169 943 268 1006 erant,
291 944 342 996 aut
363 933 614 997 reconciliandam
637 951 706 994 cum
728 933 870 994 Perdicca
892 936 1018 1011 gratiam
1040 944 1091 995 aut
1113 937 1209 994 armis
1226 943 1329 995 certan-

118 1037 151 1088 ιε
169 1018 240 1080 dum
263 1037 329 1081 esse
351 1019 522 1081 censebant.
568 1019 658 1079 Forte
680 1020 722 1078 ita
744 1017 908 1088 acciderat,
937 1026 984 1088 ut,
1014 1020 1122 1095 quiin
1144 1020 1226 1095 agris
1249 1026 1327 1085 eraut

168 1101 391 1182 populationem
422 1102 556 1163 villarum
579 1104 771 1182 vicorumque
794 1102 894 1170 veriti,
929 1103 1127 1180 confugerent
1160 1106 1195 1162 ia
1228 1102 1326 1171 urben,

168 1187 323 1267 oppidani,
350 1206 419 1249 cum
441 1189 521 1266 ipsos
542 1184 681 1247 alimenta
704 1185 881 1256 deficerent,
904 1188 1087 1248 excederent
1115 1187 1199 1249 urbe
1218 1195 1248 1248 et
1267 1188 1326 1247 uti

117 1290 151 1340 14
168 1289 227 1353 que
248 1273 353 1350 generi
373 1273 464 1333 tutior
486 1270 582 1332 aliena
604 1270 692 1331 sedes
713 1288 802 1349 quam
825 1287 878 1331 sua
902 1270 1064 1332 rideretur.
1109 1272 1246 1343 Quorum
1266 1265 1358 1331 con-ll

167 1358 383 1417 sternationem
406 1355 584 1416 Macedones
605 1354 692 1415 veriti
712 1357 745 1415 in
767 1356 881 1433 regiam
895 1363 1022 1424 coeunt,
1045 1371 1184 1435 quaeque
1205 1358 1325 1434 ipsorum

167 1441 314 1500 sententia
337 1448 429 1509 esset,
453 1447 616 1519 exponunt
660 1437 800 1499 Placebat
821 1447 921 1499 autem
943 1438 1057 1517 legatos
1074 1439 1110 1500 ad
1127 1441 1243 1518 equites
1262 1439 1325 1499 mitti

118 1541 150 1592 15
167 1523 206 1583 de
232 1522 361 1585 finienda
390 1524 540 1584 discordia
567 1524 717 1601 armisque
744 1523 902 1602 ponendis.
944 1522 1039 1600 lgitur
1069 1541 1088 1583 a
1119 1541 1192 1602 rege
1224 1522 1325 1601 legatur

167 1605 257 1668 Pasas
279 1607 438 1669 Thessalus
461 1616 490 1668 et
511 1610 645 1669 Amissus
667 1606 930 1686 Megalopolitanos
959 1616 990 1668 et
1010 1606 1159 1668 Perilaus:
1189 1609 1242 1687 qni
1269 1624 1325 1667 run

167 1691 304 1752 mandata
327 1693 406 1770 regie
428 1692 604 1760 edidissent,
631 1708 691 1751 uon
713 1690 799 1751 aliter
821 1692 972 1770 posituros
993 1709 1075 1752 arma
1098 1693 1228 1772 equites,
1251 1708 1325 1770 qarm

117 1793 150 1843 16
167 1777 192 1834 si
208 1793 261 1836 rex
283 1776 450 1837 discordiae
465 1784 604 1837 auctores
620 1774 796 1844 dedidisset,
820 1774 916 1837 tulere
932 1794 1121 1856 responsum.
1159 1775 1212 1838 llis
1227 1791 1325 1836 renuu·
1370 1820 1372 1825 .

166 1861 248 1921 tiatis
270 1878 322 1921 sua
346 1869 451 1940 sponte
473 1877 556 1921 arma
584 1857 693 1920 milites
722 1861 852 1937 capiunt.
896 1860 1028 1931 Quorum
1056 1859 1184 1921 bimulus
1212 1878 1230 1920 e
1256 1859 1326 1937 regia

166 1942 321 2024 Philippus
343 1946 475 2013 excitus,
498 1943 614 2013 ‘Nihil’
641 1945 754 2020 inquit,
784 1942 941 2004 ‘seditione
964 1953 1011 2005 est
1032 1963 1118 2024 opus.
1162 1943 1237 2005 Nam
1258 1945 1325 2005 inter

116 2045 149 2096 ιτ
168 2046 200 2089 se
215 2031 394 2090 certantium
416 2030 564 2109 praemia,
587 2028 639 2106 qui
654 2027 835 2103 quieverint,
858 2027 1056 2108 occupabunt.
1094 2026 1190 2090 Simul
1205 2045 1325 2088 momen·
1369 2088 1372 2093 .

166 2120 228 2174 tote
249 2131 315 2173 rem
337 2130 403 2175 esse
426 2129 494 2175 curn
522 2109 651 2180 civibus,
680 2110 790 2191 quibus
818 2129 902 2188 spem
930 2115 1041 2191 gratiae
1070 2116 1131 2177 cito
1158 2111 1327 2193 abrumpere

116 2213 150 2265 aa
166 2195 203 2257 ad
226 2194 337 2257 bellum
359 2195 445 2258 civile
472 2198 699 2275 properantium
720 2206 776 2256 est.
821 2195 921 2257 Altera
947 2196 1110 2274 legatione,
1140 2214 1178 2258 an
1206 2196 1328 2273 mitigari

166 2283 295 2357 possint,
328 2281 531 2358 experiamur:
565 2287 595 2341 et
621 2279 712 2340 credo
745 2281 878 2340 nondum
908 2282 986 2358 regis
1009 2297 1139 2359 corpore
1159 2279 1277 2359 sepulto
1297 2277 1328 2339 ad

115 2382 148 2432 19
165 2363 344 2440 praestanda
367 2365 395 2424 ei
416 2366 493 2426 iusta
515 2366 612 2425 omnis
634 2381 700 2424 esse
715 2364 853 2427 coituros.
898 2362 982 2433 Quod
1006 2364 1042 2424 ad
1067 2383 1115 2424 me
1130 2366 1248 2433 attinet,
1271 2361 1328 2424 red·
1368 2426 1371 2431 ,

166 2446 240 2508 dere
260 2447 315 2508 boc
338 2448 499 2526 imperium
523 2446 616 2518 malo,
646 2465 734 2526 qnam
763 2465 904 2509 exercere
933 2449 1041 2511 civium
1069 2450 1232 2523 sanguine:
1260 2447 1328 2511 etsi
1369 2438 1372 2479 ³

166 2529 246 2592 nulla
270 2530 327 2593 alia
350 2531 529 2592 concordiae
551 2549 619 2608 spes
647 2539 705 2600 est,
735 2549 788 2590 oro
816 2549 1000 2609 quaesoque,
1035 2533 1135 2610 eligite
1168 2532 1327 2612 potiorem?
1370 2524 1372 2545 '

114 2634 148 2683 20
165 2616 285 2676 Obortis
308 2616 416 2677 deiude
438 2615 569 2677 lacrimis
599 2614 733 2676 diadema
756 2615 883 2676 detrahit
908 2620 1012 2695 capiti,
1036 2617 1205 2687 dexteram,
1229 2613 1328 2696 quaid

166 2700 299 2772 tenebat,
328 2702 525 2780 protendens,
555 2708 600 2770 ut,
631 2701 656 2760 si
685 2702 805 2777 quisse
829 2701 996 2778 digniorem
1020 2701 1226 2781 profiteretur,
1260 2701 1327 2762 acci-

113 2793 259 2863 21peret.
303 2784 458 2862 lugentem
480 2802 563 2864 spem
585 2782 694 2845 indolis
716 2792 785 2845 ante
801 2803 870 2845 eum
893 2784 971 2846 diem
994 2784 1098 2847 fratris
1116 2785 1253 2847 claritate
1267 2800 1327 2861 sup·

165 2886 286 2946 pressae
322 2877 382 2929 tam
420 2869 572 2930 moderata
609 2870 751 2928 excitarit
786 2871 891 2929 oratio.
951 2869 1052 2946 ltaque
1089 2871 1191 2931 cuncti
1227 2871 1328 2930 instare

165 3018 291 3070 excitari
315 3016 353 3070 ist
379 3018 532 3073 construirt
558 3017 612 3071 wie
643 3018 724 3079 oriri,
775 3017 911 3073 muthlicb
928 3017 1044 3074 Verratb
1063 3019 1120 3074 und
1137 3020 1328 3087 Ueberrumpe·

164 3081 256 3137 indem
277 3098 306 3136 es
332 3083 392 3139 hier
413 3085 441 3139 in
469 3085 560 3140 seiner
582 3083 724 3139 Grundbe·
776 3084 852 3152 lung.
871 3112 904 3123 -
922 3093 1112 3152 exponunt,
1136 3089 1257 3145 namlich
1274 3089 1328 3144 dun

166 3148 290 3226 deutung
316 3149 361 3218 (ε
390 3149 586 3212 hervorruien,
613 3151 724 3205 hiuaus·
774 3153 880 3218 lidnige
897 3169 924 3207 u.
944 3151 1086 3221 bieleager.

164 3215 503 3283 trerben)gebraucbtist.
540 3216 724 3285 ngelipnis
812 3223 850 3274 lb.
873 3222 983 3275 Pasas
1010 3229 1062 3276 etc.
1110 3221 1167 3276 Nur
1195 3221 1224 3279 G.
1252 3228 1328 3279 neunt
1370 3272 1372 3279 .

163 3286 256 3349 renem
265 3287 407 3348 excitare,
421 3284 586 3347 eeubierrio,
602 3299 724 3340 eromao
776 3285 869 3342 diesen
895 3287 952 3342 und
979 3286 1023 3341 die
1050 3287 1200 3355 folgenden
1226 3289 1327 3346 Numen.

163 3351 284 3417 aliquem
301 3355 440 3407 excitare.
775 3381 809 3393 -
830 3353 936 3409 aliter
958 3376 991 3398 ε
1014 3355 1072 3410 ulie
1098 3356 1167 3422 leqe.
1210 3357 1270 3426 igi.
1290 3356 1328 3411 die

198 3422 376 3475 insecuti
401 3424 512 3474 erent.
556 3417 644 3474 Ueber
670 3418 723 3474 den
774 3420 1015 3487 rielgebrauchten
1033 3422 1161 3495 Pormelu
1185 3427 1239 3490 ita,
1263 3427 1289 3481 ri
1303 3441 1326 3480 u.
1370 3434 1372 3439 ’

162 3484 295 3540 indilativ
321 3504 342 3543 s.
362 3485 429 3540 bini
451 3486 520 3552 832
538 3502 560 3541 c.
584 3514 616 3553 -τ
635 3483 723 3541 Ueber
773 3491 814 3543 ita
832 3503 867 3544 ne
884 3505 970 3544 ==ea
988 3489 1062 3555 leae,
1081 3491 1195 3547 sinder
1213 3508 1257 3548 ne.
1370 3540 1372 3545 .

163 3551 504 3701 qult'ldoeqcltgdoebbellrlbo'
517 3620 594 3676 Auclr
626 3620 721 3674 Cicero
773 3557 1328 3692 elalsl'ilelreindlrabollld'ellrlff'lrxrgcilllcrll.

163 3694 365 3752 sagtmaeror,
390 3689 539 3755 aegritudo
556 3694 640 3743 exest
658 3687 722 3752 (ece
774 3691 901 3746 adimere
918 3707 1005 3757 spem.
1370 3706 1372 3711 ’

162 3755 231 3818 edit)
251 3757 384 3810 animum.
810 3761 850 3812 18.
878 3759 1106 3823 praestando.
1155 3761 1326 3818 Aaderrrirts

199 3825 237 3875 13.
261 3822 378 3876 Forte.
419 3820 570 3888 Zuiillig
592 3837 652 3879 war
675 3821 722 3878 das
776 3832 837 3891 sagt
856 3823 895 3880 c:
914 3827 991 3880 iusta
1010 3825 1223 3892 (peruenere.

162 3886 422 3944 Zuaammentreiien
440 3888 488 3944 des
510 3889 548 3943 im
566 3888 724 3955 Folgeuden
811 3894 1259 3961 1e.·eanaatnesc.suadendo.
1276 3893 1326 3962 vgt

161 3953 309 4011 Erzablten
332 3956 382 4010 mit
405 3957 467 4011 dem
495 3973 542 4011 um
568 3956 644 4012 diese
666 3956 724 4012 Zeit
775 3961 926 4014 interium
949 3962 987 4023 ni,
1016 3961 1104 4016 ccede
1131 3978 1280 4020 exercere.
1300 3988 1327 4001 -

161 4019 205 4075 bei
224 4021 276 4077 den
294 4023 423 4091 Truppeu
444 4023 472 4076 in
495 4023 544 4079 der
562 4023 639 4079 Stadt
662 4024 724 4080 ber·
775 3977 863 4081 Ueler
880 4026 1005 4082 detrabit
1021 4031 1113 4095 capiti
1124 4047 1146 4086 s.
1160 4029 1230 4086 liinl.
1242 4029 1261 4100 S
1272 4027 1327 4084 isi.

161 4098 375 4154 vergetretenen
394 4089 566 4146 Schwenken
589 4089 638 4146 der
656 4090 722 4146 Eut·
808 4097 849 4148 21.
872 4109 964 4160 opem
985 4095 1120 4152 indolis
1141 4119 1176 4141 ε·
1201 4103 1327 4166 expecto·

161 4156 295 4211 subiisse.
774 4163 877 4215 tr'onem
895 4162 930 4216 de
946 4163 1050 4218 indole.
1091 4164 1198 4232 vrgia.
1223 4171 1255 4220 10
1275 4164 1328 4233 spei

197 4227 235 4278 tt.
256 4227 370 4279 veriti.
413 4224 457 4279 Sia
480 4223 637 4280 idrcbteten
661 4241 721 4281 ver·
773 4228 808 4283 de
832 4243 898 4295 repe
920 4237 1083 4297 conceptae.
1106 4260 1141 4272 -·
1167 4247 1326 4302 suppres-

74 4320 140 4500 Ι
