2752 4776
143 256 205 319 144
588 255 622 317 o.
641 252 754 305 22221
772 254 862 306 nori

85 425 247 488 1822121222
281 430 454 502 coeperunt.
509 419 674 482 Alexander
707 421 883 482 instantibus
923 423 1004 491 suis,
1045 425 1159 503 inpune
1198 423 1302 494 abeun-

134 519 195 570 tem
217 509 333 570 hostem
356 508 543 585 permitteret
565 507 661 582 sequi,
685 505 802 567 hebetia
825 524 891 566 esse
913 506 971 566 tela
994 516 1024 567 et
1045 526 1152 569 manus
1173 508 1301 587 fatigator

134 602 275 672 tantoque
298 610 387 653 22222
402 608 528 670 2222222
544 589 684 651 2212222212
701 597 730 649 21
751 607 894 669 22222222
917 592 948 652 12
963 599 1081 652 noctem
1105 592 1167 653 diei
1190 600 1299 672 1222222

86 684 271 739 1922222122
293 685 346 736 est.
397 676 529 736 Revera
554 674 591 734 de
611 674 694 734 laevo
718 691 826 744 22222,
857 675 935 751 quod
964 675 1061 735 adhuc
1087 677 1119 736 12
1142 677 1208 738 2212
1229 685 1299 739 stare

135 761 291 831 credebat,
314 759 457 822 sollicitus
479 758 587 818 reverti
610 757 648 817 ad
670 756 825 818 terendam
849 777 935 837 opem
958 762 1020 819 suis
1043 761 1154 822 statuit.
1188 761 1297 840 iamque

134 848 218 924 signa
242 852 444 914 converterat,
473 860 540 902 cum
570 842 685 918 equites
708 861 724 901 e
746 841 942 903 Parmenione
973 845 1056 905 missi
1083 843 1162 905 iilius
1190 862 1296 925 quoque

83 943 117 992 20
134 932 226 1011 222112
255 930 406 990 victoriam
435 928 580 987 nuntiant.
631 925 689 986 Sed
718 921 833 987 nullum
860 926 917 987 hoc
946 927 994 987 die
1016 928 1111 989 maius
1142 928 1292 1008 periculum

135 1015 219 1083 adiit,
243 1032 331 1094 quarn
354 1012 425 1072 dum
448 1013 548 1089 copias
570 1010 686 1071 reducit
707 1012 739 1070 in
761 1020 865 1071 castra.
910 1012 1000 1073 Pauci
1023 1030 1091 1073 eum
1112 1020 1143 1073 et
1163 1014 1292 1092 inconpo-

134 1102 184 1159 siti
201 1097 401 1177 sequebantur
417 1103 538 1155 ovantes
554 1095 691 1161 victoria,
716 1096 827 1173 quippe
842 1114 946 1157 omues
968 1096 1071 1158 hostes
1086 1105 1137 1158 221
1152 1099 1185 1159 12
1207 1099 1290 1175 fugam

82 1194 115 1242 21
136 1183 245 1243 effusos
273 1188 323 1243 aut
349 1183 379 1240 in
408 1180 470 1240 2212
499 1177 641 1239 cecidisse
670 1179 844 1240 credebant:
874 1198 941 1240 cum
969 1188 1095 1260 repente
1117 1199 1155 1241 ex
1183 1181 1289 1242 adverso

135 1267 272 1345 apparuit
307 1281 413 1342 agmen
443 1264 589 1339 equitum,
625 1265 676 1343 qui
708 1265 808 1342 primo
841 1263 998 1325 inhibuere
1027 1283 1164 1336 cursum,
1198 1264 1289 1327 deiude
1316 1272 1319 1321 1

134 1349 329 1410 Macedonum
361 1348 508 1426 paucitate
541 1354 698 1425 conspecta
731 1354 845 1409 turmas
873 1349 904 1407 in
934 1349 1039 1410 obvios
1072 1350 1286 1411 concitaverunt
1312 1382 1319 1421 ;

83 1445 117 1492 22
134 1437 208 1494 Ante
231 1435 315 1511 signa
336 1450 389 1492 rex
411 1431 473 1491 ibat
495 1431 679 1493 dissimulato
702 1433 795 1507 magis
817 1434 950 1510 periculo
973 1450 1060 1509 quam
1084 1441 1197 1514 spreto.
1237 1432 1286 1495 1122
1310 1464 1315 1471 -

83 1531 116 1579 23
135 1517 229 1578 defuit
256 1518 284 1577 ei
315 1523 459 1595 perpetua
486 1517 516 1575 in
546 1515 643 1576 dubiis
670 1515 761 1576 rebus
788 1515 927 1577 felicitas:
963 1535 1090 1597 namque
1122 1519 1285 1597 2222122122
1316 1534 1319 1601 3

135 1603 281 1679 equitatus
295 1599 412 1660 avidum
428 1601 599 1661 certaminis
622 1607 651 1660 et
666 1599 705 1660 ob
726 1600 756 1659 id
779 1601 1048 1678 ipsumincautius
1069 1605 1100 1662 in
1121 1621 1155 1662 se
1171 1607 1285 1663 rueutcu
1316 1624 1319 1629 ¹

134 1686 216 1746 hasta
242 1685 399 1753 transfixit,
423 1702 482 1764 quo
498 1702 534 1744 22
550 1702 626 1764 equo
648 1683 730 1762 lapso
752 1682 919 1763 proximum
935 1704 968 1747 ac
991 1686 1060 1746 dein
1082 1685 1185 1765 piures
1200 1685 1284 1746 eodem
1312 1682 1319 1729 ,i

84 1770 193 1829 241212
224 1769 364 1831 confodit.
414 1768 551 1830 12222222
579 1768 713 1830 turbatos
736 1770 824 1829 amici
845 1786 978 1848 quoque:
1008 1788 1063 1830 uec
1085 1770 1194 1832 Persae
1218 1766 1285 1829 inulti
1314 1728 1319 1839 1

135 1854 293 1922 cadebant,
318 1855 428 1933 quippe
450 1870 510 1912 non
532 1854 688 1914 universae
711 1855 803 1922 acies,
828 1870 915 1929 quam
938 1853 994 1914 hae
1017 1854 1225 1916 tumultuariae
1237 1870 1284 1913 na·
1314 1864 1319 2007 1

83 1948 206 2009 25222,
229 1938 433 1999 vehementius
454 1938 548 1998 iniere
570 1944 731 1999 certamen.
773 1936 906 1998 Tandem
929 1937 1063 2007 barbari,
1088 1957 1156 2000 2222
1180 1939 1287 2001 obscura
1315 2012 1319 2025 Ι

133 2022 200 2085 1222
227 2025 318 2084 121122
346 2023 415 2098 iuga
437 2022 589 2082 videretur
617 2040 680 2082 esse
709 2040 797 2101 quam
826 2038 939 2099 pugna,
967 2023 1109 2101 dispersis
1138 2021 1286 2102 agminibus
1312 2026 1319 2077 i

134 2108 244 2168 abiere.
294 2107 357 2168 1122
381 2106 617 2167 extraordinario
645 2105 779 2185 periculo
807 2105 963 2169 defunctus
985 2106 1143 2168 incolumis
1165 2126 1231 2169 suos
1249 2121 1286 2164 re·
1317 2110 1319 2143 ³

135 2192 218 2253 duxit
237 2193 269 2250 in
291 2200 396 2251 castra.

82 2283 116 2331 20
219 2274 359 2334 Cecidere
370 2272 542 2342 Persarum,
566 2291 692 2351 quorum
708 2291 865 2333 numerum
881 2275 1008 2334 victores
1030 2275 1118 2336 riuire
1132 2267 1319 2355 potuerunttt

82 2368 116 2416 27
135 2355 215 2417 milia
237 2370 298 2424 22,
322 2357 517 2416 Macedonum
539 2357 638 2417 minus
661 2375 748 2435 quam
772 2370 835 2417 222
858 2358 1018 2419 desiderati
1040 2367 1119 2419 sunt.
1166 2361 1292 2420 Ceterum

133 2440 211 2502 hanc
234 2441 386 2500 victoriam
413 2457 467 2501 222
490 2440 602 2501 maiore
630 2458 665 2500 22
693 2448 777 2516 22212
806 2443 921 2511 2121211,
950 2459 1038 2519 quarn
1066 2443 1204 2504 iortunae
1230 2452 1294 2502 2222

83 2536 116 2584 29
134 2526 250 2587 debuit:
280 2524 409 2603 1221222,
438 2542 512 2594 222,
543 2531 697 2594 mantea,
728 2523 793 2584 1022
816 2524 911 2605 vicit].
961 2527 1035 2587 Nam
1058 2535 1088 2587 et
1110 2528 1202 2589 aciem
1224 2522 1296 2605 peri·

133 2612 247 2671 tissime
274 2611 416 2670 instruxit
438 2615 468 2669 et
488 2610 710 2687 promptissime
738 2609 803 2687 ipse
831 2611 971 2688 pugnavit
999 2619 1027 2670 et
1049 2629 1158 2689 magno
1180 2609 1302 2672 consitio

132 2696 277 2756 iacturam
306 2695 488 2755 sarcinarum
516 2693 845 2772 inpedimentorumque
869 2697 1060 2772 contempsit,
1091 2714 1160 2756 cum
1188 2698 1219 2755 in
1239 2696 1305 2773 ipsa

134 2780 196 2839 acie
225 2797 358 2839 summae
381 2780 425 2838 rei
453 2778 566 2838 rideret
589 2796 654 2839 esse
677 2778 850 2847 discrimen,
883 2778 1033 2857 dubioque
1061 2779 1157 2839 adhuc
1185 2786 1309 2858 pugnae

82 2871 115 2920 29
134 2870 240 2922 222212
267 2881 323 2940 222
346 2864 457 2923 2121022
479 2881 511 2923 22
533 2865 639 2939 gessit:
667 2860 822 2941 perculsos
850 2861 957 2921 deinde
979 2862 1108 2924 hostium
1137 2863 1228 2934 fudit,
1254 2862 1267 2922 f
1291 2879 1315 2897 ³

133 2948 261 3022 gientes,
292 2946 368 3023 quod
397 2948 427 3004 in
456 2945 506 3005 1112
536 2946 644 3006 ardore
672 2947 761 3007 animi
790 2948 837 3005 vix
865 2946 947 3006 credi
981 2953 1093 3024 potest,
1128 2948 1316 3027 prudentius

83 3038 117 3088 30
135 3046 222 3105 quam
251 3028 361 3088 avidius
390 3036 564 3107 persecutus
594 3037 647 3090 est.
704 3031 778 3092 Nam
806 3031 831 3091 si
858 3037 941 3108 parte
971 3033 1120 3091 exercitus
1148 3033 1243 3092 adhuc
1268 3032 1319 3090 111

134 3114 196 3173 acie
224 3119 320 3172 stante
347 3115 459 3172 instare
482 3113 655 3173 cedentibus
683 3123 914 3192 perseverasset,
943 3122 994 3175 aut
1021 3115 1314 3194 22122222212125

169 3314 207 3365 18.
226 3325 399 3376 praeceps
415 3309 469 3377 221.
487 3313 641 3378 praecipiti
656 3313 695 3367 od
746 3319 856 3380 tempus
866 3315 1006 3379 112122.-
1023 3314 1119 3370 milia
1135 3314 1199 3372 XL.
1229 3313 1307 3369 Nach

134 3393 283 3444 uesperam
299 3378 354 3441 die,
371 3376 428 3433 Liv.
444 3380 485 3432 25.
504 3381 548 3440 34;
565 3394 693 3434 20222-
744 3382 805 3434 Arr.
823 3378 904 3435 fieleu
921 3385 1039 3443 300,000‚
1056 3381 1126 3437 nach
1142 3382 1244 3439 Diodor
1255 3381 1304 3436 da-

134 3452 184 3501 122
196 3451 249 3501 221
261 3468 294 3488 =
307 3444 431 3500 2212211212
449 3460 507 3499 222.
744 3461 832 3514 gegen
850 3463 902 3503 nur
915 3451 1017 3509 90,000.
1034 3476 1067 3485 -
1085 3467 1187 3516 quam
1205 3448 1296 3511 000„

167 3513 348 3568 2012022112
364 3534 398 3554 =
414 3511 530 3577 11102112,
548 3529 570 3567 s.
584 3510 652 3567 Einl.
666 3512 692 3581 3.
744 3514 997 3577 22211110122500,
1015 3516 1084 3571 22212
1099 3519 1161 3573 Α22.
1179 3518 1298 3596 dagegen

134 3579 198 3632 1212.
216 3579 289 3634 112212
295 3580 356 3634 drr.
369 3579 488 3645 geschah
499 3579 692 3646 dasPolgende
744 3580 805 3637 blos
816 3584 873 3642 100,
886 3598 944 3637 was
952 3581 1099 3649 Jedenialls
1111 3601 1145 3640 22
1154 3599 1248 3652 wemg
1257 3583 1297 3638 121

134 3646 206 3700 noch
218 3662 269 3702 202
281 3644 330 3701 der
341 3644 512 3713 Veriolgung
524 3646 574 3702 der
583 3646 691 3703 Peinde.
742 3648 802 3714 Vgl.
812 3647 896 3703 damit
909 3648 1022 3704 dieZahl
1036 3650 1298 3708 derCombattanteu

133 3711 544 3833 -12212220222121529
744 3713 922 3776 01221213.

167 3782 256 3834 etin
286 3779 484 3835 1122222222
504 3781 691 3837 2121212122-
776 3784 1109 3840 21.animo...oieit.
1140 3784 1237 3842 Sicher
1258 3784 1298 3840 ein

131 3855 229 3916 petum
242 3845 268 3915 S.
282 3850 326 3911 163
339 3845 395 3900 hir.
409 3852 450 3904 39.
464 3853 504 3903 21.
742 3848 1299 3915 61022222.1121212221122122112122812112

166 3915 689 3983 24.inulti=ohneGegenwehr,
743 3920 821 3972 tae.

133 3983 314 4045 meditem:
338 3987 541 4048 universae,
572 3990 690 4050 ‘ganze
775 3985 1299 4043 eesummaereidiscrimenwie

134 4047 261 4117 Gorps'‚
273 4052 329 4107 wie
340 4058 414 4107 10122
426 4057 450 4107 3.
464 4055 487 4106 9.
742 4052 802 4105 Tac.
814 4050 954 4106 12121515.
979 4051 1058 4108 Sion:
1074 4070 1104 4109 er
1116 4054 1224 4117 2212212,
1238 4053 1298 4109 (1222

167 4119 209 4193 25.
224 4118 374 4175 01222222
383 4120 540 4182 lacerem
551 4119 690 4174 luceauch
742 4117 997 4186 dieEutscbeidung
1009 4118 1078 4175 uber
1135 4120 1241 4177 beruhe
1253 4117 1301 4175 aui

132 4180 177 4237 ber
190 4182 244 4239 1112,
742 4183 803 4239 dem
816 4181 930 4251 Eriolge
942 4184 991 4240 der
1003 4186 1141 4245 Schlacht.

167 4255 361 4317 2112202222
373 4276 407 4294 =
418 4253 548 4308 iusoweit
559 4269 622 4308 man
632 4253 691 4308 ihre
776 4255 817 4306 30.
838 4254 873 4305 in
889 4267 937 4306 oc.
954 4258 1071 4308 stante
1082 4255 1133 4308 mit
1149 4253 1242 4322 Pezug
1253 4251 1302 4309 aui

133 4333 160 4372 u.
179 4335 201 4374 s.
218 4335 268 4382 w.;
292 4319 404 4384 finire
420 4319 475 4374 wie
491 4320 573 4385 diem,
590 4321 689 4383 locum,
742 4316 1260 4387 3.1921222222222112222218.24.
