2752 4776
107 262 169 326 194
523 277 555 336 o.
579 276 683 324 cunrr
707 276 788 324 eust

105 432 167 496 salo
188 451 311 495 mersas.
356 432 449 510 lgitur
471 431 610 493 destituta
633 433 748 511 navigia
769 431 823 493 alia
847 433 1082 512 praecipitantur
1103 431 1135 492 iu
1156 451 1257 512 proras,

107 519 162 580 alia
190 520 221 578 in
254 516 347 578 latera
378 515 587 596 procumbunt.
632 517 723 578 Strati
751 525 837 578 erant
864 521 960 597 campi
991 517 1138 586 sarcinis,
1169 519 1257 587 arada,

54 622 87 670 21
106 600 272 664 avulsarum
294 600 460 662 tabularum
480 618 691 682 remorumque
711 602 896 679 fragmentis.
940 600 1027 662 bliles
1041 619 1101 662 nec
1122 602 1258 680 egrediin
1289 652 1294 661 .

107 700 217 750 terram
239 705 295 748 nee
314 687 346 747 ia
361 704 435 746 nave
456 685 619 747 subsistere
631 685 776 756 audebat,
798 686 959 747 identidem
972 685 1184 764 praesentibus
1201 703 1258 765 gra

106 774 204 843 viora,
237 788 313 848 quaa
337 779 548 851 sequerentur,
584 779 753 850 expectans.
802 770 872 841 Vix,
905 788 981 851 quae
1013 769 1258 851 perpetiebantur,

55 874 88 923 aa
107 855 207 918 videre
234 857 314 934 ipsos
341 854 516 924 credebant,
544 857 576 914 ia
602 857 683 916 sicco
710 855 878 934 naufragia,
906 857 937 915 in
965 857 1045 916 amni
1072 873 1167 918 mare.
1206 854 1259 916 dee

106 943 173 1003 linis
201 939 363 1002 maloram:
396 941 507 1020 quippe
536 946 651 1001 aestum
683 939 774 1020 paulo
800 947 869 1021 post
889 957 972 1001 mue
992 939 1180 1009 relaturam,
1209 957 1258 1019 qao

106 1025 221 1104 navigia
243 1023 464 1092 adlevarentnr,
486 1025 597 1102 ignari,
620 1025 730 1085 famem
745 1033 774 1085 et
795 1023 897 1085 ultima
912 1023 1033 1086 sibimet
1046 1025 1257 1087 aminabantar.

54 1128 88 1178 aa
105 1109 214 1172 beluae
235 1127 354 1189 quoque
381 1107 521 1169 ductibus
549 1108 706 1170 destinatae
731 1108 881 1170 terribiles
909 1108 1103 1187 vagabantur.
1150 1105 1290 1187 lanqaedl

105 1214 163 1256 nox
186 1193 344 1274 adpetebat
364 1201 394 1254 et
414 1211 516 1272 regem
545 1211 664 1273 quoque
686 1194 852 1271 desperatio
879 1191 984 1254 solutis
1009 1194 1199 1272 aegritudine
1212 1193 1257 1255 ad

105 1281 226 1340 fecerat.
270 1277 336 1339 Non
356 1285 456 1338 tamen
483 1278 622 1339 invictum
650 1279 781 1339 animum
807 1295 898 1339 curae
924 1276 1072 1348 obruunt,
1107 1280 1180 1359 quin
1208 1285 1259 1347 tota

105 1374 193 1425 nocte
214 1361 381 1442 persideret
401 1364 432 1422 iu
461 1361 589 1442 speculis
611 1364 786 1441 equitesque
813 1363 1019 1441 praemitteret
1045 1362 1084 1424 ad
1107 1382 1144 1425 os
1166 1365 1259 1432 auaui.

55 1466 89 1514 24
105 1456 154 1518 ut,
178 1466 244 1509 cum
266 1465 348 1508 mare
368 1464 474 1507 rursus
495 1456 668 1509 exaestuare
684 1449 863 1521 sensissent,
886 1447 1115 1526 praecederent.
1151 1447 1260 1527 mma

105 1548 223 1612 qumue
246 1540 276 1592 et
296 1531 424 1592 lacerata
446 1532 528 1592 retici
550 1540 580 1592 et
601 1550 702 1593 eversa
724 1531 863 1593 fluetibus
884 1534 961 1610 erigi
986 1531 1071 1594 iubet
1092 1540 1261 1612 pumiceque

54 1633 171 1683 eaesae
205 1623 235 1676 et
260 1618 404 1684 intentos,
437 1634 506 1677 cum
539 1634 645 1678 rursus
671 1634 754 1677 mare
787 1623 883 1678 terras
910 1616 1093 1678 inundasset
1137 1617 1212 1679 'lota
1232 1633 1261 1676 ea

106 1708 193 1762 nome
214 1701 292 1763 inter
314 1700 425 1779 vigilias
447 1699 728 1779 adhortationesque
750 1708 924 1779 consumpta
940 1701 1083 1762 celeriter
1105 1710 1137 1762 et
1158 1701 1262 1781 equ'tes

105 1786 218 1864 ingenti
238 1802 329 1846 cursu
351 1785 492 1862 refugere
512 1792 542 1845 et
563 1793 684 1848 secutus
706 1794 752 1847 est
771 1793 880 1847 aestus.
914 1784 970 1856 Qui
990 1787 1090 1866 primo
1106 1787 1191 1865 aquia
1210 1784 1262 1847 ieu'

103 1878 202 1932 tractu
231 1868 429 1931 subeuntibus
461 1870 559 1950 eoepit
590 1869 689 1932 levare
720 1871 851 1949 navigia,
884 1888 954 1931 mox
983 1873 1056 1932 totis
1085 1872 1202 1952 eampis
1222 1871 1261 1931 ie·

55 1970 88 2020 26
104 1954 221 2016 uadetis
244 1957 333 2016 etiam
355 1952 464 2035 inpulit
492 1954 630 2016 classem:
658 1955 841 2035 plaususque
868 1952 996 2015 militurn
1021 1957 1261 2032 nauticorumque

106 2043 287 2118 insperatam
317 2038 441 2100 salutem
469 2039 618 2100 inmodico
646 2039 860 2100 celebrantium
887 2039 995 2116 gaudio
1022 2039 1165 2102 litoribus
1184 2040 1262 2120 sipia·

105 2143 162 2205 que
189 2121 358 2185 resonabat.
402 2123 487 2186 Unde
518 2131 633 2185 tantum
666 2123 793 2185 redisset
824 2123 922 2184 subito
948 2142 1048 2196 mare,
1083 2143 1143 2204 quo
1175 2123 1263 2203 pridie

105 2208 278 2284 refugisset,
300 2225 444 2287 quaenam
460 2216 539 2269 esset
560 2206 722 2288 eius[dem]
746 2206 1019 2280 clementianum,
1043 2210 1134 2271 modo
1149 2208 1262 2277 discors,

55 2309 88 2357 ⁶27
106 2291 195 2352 modo
222 2293 348 2371 imperio
382 2301 549 2372 temporum
577 2292 720 2363 obnoxia,
754 2291 923 2354 mirabundi
956 2293 1163 2374 requirebant.
1208 2293 1263 2357 Rex

107 2394 304 2445 cumeneo,
334 2374 413 2455 quod
441 2378 604 2447 acciderat,
633 2378 812 2438 coniectaret
840 2385 907 2456 post
935 2377 1007 2440 solis
1034 2386 1136 2440 ortum
1163 2385 1262 2439 statum

106 2468 224 2539 tempus
251 2477 331 2530 esse,
368 2462 462 2521 media
496 2470 598 2532 nocte,
635 2470 670 2523 ut
706 2469 819 2522 aestum
851 2470 1028 2544 occuparet,
1065 2482 1132 2524 cum
1170 2463 1262 2544 paucis

105 2546 228 2624 navigiis
256 2544 386 2605 secundo
415 2564 501 2606 amne
531 2545 661 2610 defluxit.
709 2546 894 2627 Evectusque
921 2567 955 2609 os
983 2549 1048 2608 eius
1069 2567 1150 2610 oceo
1179 2544 1262 2610 stadia

105 2632 252 2710 processit
278 2631 309 2690 in
346 2648 442 2700 mare,
480 2630 599 2691 taudem
628 2631 686 2690 voti
718 2631 764 2691 sui
794 2649 931 2709 compos:
963 2632 1211 2712 praesidibusque
1238 2639 1263 2690 et

107 2718 197 2776 maris
220 2724 248 2776 et
270 2713 404 2776 locorum
428 2716 472 2775 dis
494 2717 639 2776 sacrificio
661 2716 739 2775 iacto
761 2715 798 2775 ad
821 2713 944 2776 classem
966 2717 1067 2778 rediit.

105 2932 198 3052 nmero
211 2930 364 2998 relabens).
387 2933 434 2988 llie
448 2932 562 2988 letztere
575 2931 660 2988 Stelle
711 2932 819 2987 siderei
844 2932 881 2988 ist
907 2949 960 2988 nur
986 2933 1088 2989 andere
1116 2932 1264 2990 Sobreibart

125 3006 153 3053 at
170 2997 240 3051 auch
252 3006 331 3054 soust
343 2999 533 3055 Aehnlicbleit
550 3001 600 3055 mit
612 3000 661 3056 der
712 2997 756 3053 ldr
770 3001 951 3066 persederec
971 3001 1024 3068 vgl.
1043 3004 1135 3057 3.1.8
1151 3004 1263 3057 ereca-

106 3063 308 3130 vorliegenden.
330 3095 364 3103 -
391 3068 569 3122 destituto.
613 3066 661 3122 Er·
711 3066 803 3122 sideri
819 3090 853 3110 =
875 3069 1092 3124 circumsederi.
1116 3098 1149 3107 —
1168 3083 1265 3136 proe-

105 3137 190 3199 ganze
218 3136 299 3186 aestu
327 3134 396 3188 nach
428 3138 454 3186 4.
481 3138 505 3191 7,
531 3139 565 3187 20
594 3134 661 3190 oder
712 3133 879 3190 cederent
896 3135 1110 3192 ntmlichmorr'.
1146 3133 1264 3192 Siesoll·

104 3197 237 3265 fluctibus
255 3198 323 3252 nach
341 3200 359 3264 s
378 3205 418 3255 22.
713 3209 758 3255 ten
776 3201 824 3257 das
841 3201 1022 3259 Rriokkebren
1043 3205 1094 3258 der
1113 3203 1194 3260 l'lutb
1211 3204 1264 3258 dem

140 3285 180 3336 21.
199 3294 290 3335 naue.
320 3282 397 3337 Auch
410 3282 501 3339 Livius
520 3285 568 3339 hat
585 3284 660 3340 diese
711 3267 799 3324 Hem
816 3269 851 3323 im
870 3285 969 3325 V⁰¹³¹¹S
988 3270 1098 3326 melden
1117 3271 1148 3338 (S
1165 3271 1217 3336 25)·

104 3348 284 3406 ablativlorm
311 3348 399 3405 neben
430 3350 479 3407 der
510 3349 660 3418 gebraueh-
751 3355 793 3409 24.
811 3358 1037 3420 paratosque.
1078 3357 1137 3411 bus
1160 3355 1267 3422 nonno

105 3417 227 3472 licheren
254 3419 329 3474 novi.
356 3446 390 3456 -
421 3433 505 3484 quae
537 3435 661 3486 seque·
712 3419 749 3474 ist
766 3426 872 3476 nautas
889 3438 923 3476 zu
942 3422 1117 3478 entnehmeu.

106 3493 229 3568 rfniur
251 3508 284 3568 ‚=
307 3486 449 3567 desem
472 3486 660 3567 {1⁰0hf013211
745 3505 1000 3561 ae.resoaotoa
1029 3505 1266 3563 Derheistebende

105 3553 220 3633 lonntej
249 3554 401 3610 edentadem
424 3553 660 3622 (‘wtederholent·
712 3572 819 3630 qbpaqv
854 3573 902 3629 des
933 3574 996 3628 011ss
1029 3575 1067 3630 ist
1097 3573 1265 3629 dichggriscq

106 3619 183 3686 llch')
207 3628 244 3676 1st
261 3621 321 3677 hier
339 3639 360 3677 s.
379 3639 403 3676 v.
422 3639 445 3677 a.
468 3628 533 3678 ‘von
551 3624 660 3690 Augen·
711 3670 744 3678 ..
770 3639 864 3695 mods,
898 3641 1054 3704 discors,
1088 3643 1186 3697 mogo
1217 3640 1266 3696 01,-

105 3686 178 3743 hllssk
196 3705 230 3744 zu
247 3688 437 3758 Augenhllck'·
455 3718 488 3728 ”·“
507 3692 566 3746 vix
583 3705 659 3746 cre·
712 3709 827 3764 nomia·
883 3707 1060 3764 Uehersetze:
1106 3709 1182 3766 (ΜΗ
1219 3723 1266 3764 ef.

106 3755 228 3811 debant
250 3757 304 3813 wie
323 3756 369 3812 ov.
388 3773 403 3812 e
420 3757 499 3814 Pout.
521 3761 545 3810 4.
566 3762 606 3814 10.
627 3760 661 3810 35
712 3775 895 3832 schgjmd
916 3775 1036 3840 31an
1059 3775 1125 3832 pald
1147 3775 1187 3833 31s
1211 3779 1264 3831 ...³

107 3838 156 3876 ux
174 3839 222 3878 vos
240 3839 274 3879 ea
292 3825 410 3881 credere
428 3826 534 3880 arcent.
745 3862 786 3914 aa.
797 3860 1263 3926 statuerampusnamtoere,

106 3910 180 4025 Τῖῗ·
199 3907 268 3964 Nec
285 3907 376 3975 finis
398 3926 433 3964 m·
448 3978 453 3990 ,
468 3909 579 3990 Εὗβΰὸθ,
593 3908 660 3964 kim
713 3943 770 3981 was
788 3943 837 3981 aus
856 3927 916 3982 dem
935 3927 1172 3997 zusammenhang
1189 3927 1265 3984 leiebt

128 3988 165 4030 ac.
179 3989 239 4028 aun.
254 3978 275 4029 1.
288 3979 321 4026 66
332 3974 429 4043 Neque
442 3992 468 4032 as
480 3992 662 4032 maseraarum
714 3999 825 4061 ergpnzp
853 3995 933 4050 wip-d,
957 4022 989 4032 ..
1013 3994 1052 4050 gu
1075 4005 1191 4052 empus
1217 3993 1263 4061 agl·

104 4040 179 4118 linis.
197 4069 230 4078 -
247 4042 287 4096 Et
302 4059 353 4097 vor
365 4044 462 4098 ultimo
479 4045 515 4099 ist
528 4044 661 4123 verallge·
713 4062 773 4127 gg,
794 4090 828 4098 -
849 4063 1033 4129 processit,
1078 4061 1190 4120 Ebenso
1214 4062 1262 4127 st

107 4108 343 4177 ¹¹1i³¹¹10l¹¹¹¹(‘¹¹¹¹d
364 4109 541 4193 uberpanpt’)
565 4126 620 4167 W¹0
637 4115 662 4167 ⁶·
712 4145 766 4183 von
788 4127 837 4183 der
859 4128 950 4185 lllotte
973 4128 1065 4184 CCCC
1084 4133 1181 4187 stadia
1204 4144 1263 4197 pra·

109 4176 254 4237 11.2a;8.
274 4180 313 4227 ¹¹·
331 4180 409 4232 2411.
429 4195 454 4233 ⁰·
713 4203 869 4253 cesserant.
904 4195 1038 4251 Aahnlich
1060 4199 1106 4254 a're
1128 4207 1213 4254 unten
1229 4199 1263 4248 1⁰.

128 4259 182 4331 .²3·
205 4258 355 4314 obruunt
377 4261 415 4316 ist
437 4263 588 4318 construirt
609 4263 663 4319 wie
713 4267 754 4319 26.
793 4291 826 4301 -
865 4265 1165 4334 praeconibusque
1204 4265 1260 4322 dis.

44 4354 66 4496 ,ἱ
108 4316 151 4375 dre
176 4324 262 4380 Verba
292 4326 340 4380 des
365 4325 506 4387 Hinderns.
536 4358 569 4367 —
596 4346 663 4397 per·
714 4331 782 4387 nach
800 4331 902 4388 biodor
923 4332 985 4387 dem
1003 4331 1129 4391 Oceanus
1149 4332 1204 4390 und
1220 4331 1260 4387 der
