2752 4776
155 248 216 313 154
603 247 635 310 o.
655 245 767 299 cunrr
786 246 875 298 eurr

152 417 239 496 longa
275 424 370 479 aetate
403 416 624 479 cumulaverant
655 413 759 478 liberis
796 418 997 496 posterisque,
1031 422 1064 477 ut
1091 414 1319 485 arbitrabantur,

100 519 133 569 13
152 520 225 581 quas
248 520 306 565 una
329 503 403 563 bora
425 503 455 562 in
478 502 593 563 externi
615 502 694 581 regis
717 518 821 564 manus
843 501 954 562 intulit.
997 499 1138 562 Consedit
1160 500 1270 562 deinde
1291 502 1319 562 iu

151 588 234 665 regia
262 585 333 648 sella
361 584 453 648 multo
482 585 645 647 excelsiore
672 603 760 664 quam
793 602 848 664 pro
882 585 983 646 babitu
1012 587 1156 664 corporis.
1211 585 1319 665 ltaque,

151 689 218 732 cum
241 671 332 750 pedes
354 673 445 732 imum
473 670 598 749 gradum
621 688 680 731 non
703 671 927 746 contingerent,
954 686 1030 731 unus
1052 688 1088 731 ex
1109 669 1201 749 regiis
1224 672 1319 749 pueris

100 773 134 822 14
151 773 285 818 mensam
312 754 444 816 subdidit
471 753 608 835 pedibus.
657 754 694 815 Et
721 771 788 815 cum
818 754 994 833 spadonem,
1024 756 1072 834 qui
1102 754 1190 815 Darei
1211 752 1317 831 luerat.

150 841 393 917 ingemiscentem
417 843 620 918 conspexisset
641 856 709 908 rex,
733 855 851 900 causam
875 839 1039 900 maestitiae
1059 839 1227 917 requisivit.
1270 837 1317 900 lile

150 924 261 985 indicat
275 925 401 986 Dareum
425 925 504 985 vesci
526 925 557 985 in
581 941 614 985 ea
636 922 770 992 solitum,
795 940 886 1001 seque
907 940 1019 984 sacram
1044 924 1106 984 eius
1128 941 1263 985 mensam
1283 922 1316 983 ad

100 1023 133 1072 15
151 1007 312 1070 ludibrium
340 1007 524 1069 recidentem
552 1009 616 1069 sine
645 1007 775 1068 lacrimis
797 1009 971 1086 conspicere
993 1024 1053 1068 non
1075 1025 1175 1086 posse.
1226 1005 1315 1069 Subiit

151 1111 221 1172 ergo
249 1110 352 1172 regern
381 1091 557 1153 verecundia
586 1090 714 1153 violandi
740 1090 901 1171 hospitales
929 1091 1014 1161 deos,
1047 1092 1167 1170 iamque
1196 1090 1313 1156 subduci

149 1176 285 1245 iubebat,
309 1194 376 1238 cum
392 1174 535 1237 Philotas:
573 1177 712 1238 ‘llinime
733 1193 804 1236 vero
826 1175 900 1236 baec
922 1176 1043 1246 leceris,
1067 1194 1134 1247 rex,
1158 1175 1212 1237 sed
1234 1192 1313 1237 omen

150 1279 269 1341 quoque
284 1263 401 1339 accipe,
425 1278 572 1330 mensam,
597 1278 631 1322 ex
655 1279 712 1341 qua
735 1259 836 1320 libavit
857 1259 950 1321 bostis
973 1259 1089 1341 epulas,
1113 1261 1173 1322 tuis
1197 1258 1312 1339 pedibus

150 1362 215 1406 esse
237 1342 419 1406 subiectam!

99 1443 131 1493 16
235 1428 297 1489 Rex
325 1427 455 1490 Persidis
482 1429 572 1489 finem
594 1427 727 1489 aditurus
749 1428 823 1489 Susa
853 1428 960 1489 urbem
982 1427 1127 1490 Archelao
1157 1436 1187 1489 et
1209 1418 1335 1508 praeci-9

150 1512 231 1573 dium
254 1525 295 1572 111
317 1511 431 1573 milium
454 1512 589 1574 tradidit:
633 1510 800 1591 Xenophilo
822 1515 901 1573 arcis
923 1531 995 1573 cura
1011 1512 1148 1574 mandata
1171 1522 1218 1575 est
1239 1511 1310 1575 mille

149 1595 342 1658 Macedonum
365 1603 461 1658 aetate
489 1597 628 1676 gravibus
649 1597 821 1676 praesidere
843 1599 921 1659 arcis
943 1597 1094 1659 custodiae
1122 1598 1227 1660 iussis:
1253 1597 1310 1659 tbe·

99 1694 131 1744 17
150 1697 305 1742 saurorum
339 1679 486 1742 Callicrati
521 1681 611 1743 tutela
646 1684 807 1760 permissa:
844 1691 982 1761 satrapea
1013 1682 1145 1761 regionis
1179 1682 1310 1744 Susianae

149 1766 285 1826 restituta
305 1764 450 1827 Abulitae.
492 1765 617 1827 Matrem
639 1782 756 1846 quoque
770 1767 869 1827 Darei
888 1774 917 1826 et
939 1764 1050 1827 liberos
1071 1767 1104 1827 in
1119 1765 1224 1827 eadem
1245 1764 1310 1828 urbo

100 1858 132 1908 18
152 1848 283 1929 deponit.
333 1851 375 1911 do
403 1850 480 1911 sorte
501 1849 706 1912 Macedonicas
729 1859 825 1911 vestes
848 1849 1029 1931 multamque
1054 1868 1220 1930 purpuram
1241 1850 1309 1911 dono

149 1951 186 1994 ex
200 1933 371 1995 Macedonia
393 1933 449 1995 sibi
461 1935 578 1997 missam
596 1952 662 1995 cum
684 1935 735 2004 iis,
749 1952 825 2014 quae
840 1933 1047 2005 coniecerant,
1070 1934 1149 1995 tradi
1163 1932 1309 2014 Sisigambi

148 2017 295 2079 iubet-
317 2021 398 2080 omni
426 2036 553 2100 namque
582 2018 698 2080 bonore
726 2037 791 2080 eam
814 2026 844 2079 et
865 2017 917 2079 filii
945 2037 1062 2100 quoque
1085 2020 1195 2098 pietate
1215 2037 1307 2100 prose·

99 2113 131 2163 19
149 2103 295 2182 quebatur
317 2137 359 2148 —
381 2102 594 2183 admonerique
615 2105 714 2172 iussit,
743 2112 790 2172 ut,
818 2104 844 2164 si
867 2103 950 2164 cordi
977 2120 1096 2182 qnoque
1118 2104 1209 2165 restis
1229 2109 1306 2170 esset,

149 2187 297 2248 conficere
324 2206 389 2248 eam
412 2195 518 2267 neptes
545 2206 613 2248 suas
636 2187 855 2258 adsuefaceret,
884 2187 1021 2266 donoque
1049 2204 1096 2255 se,
1126 2205 1205 2263 quae
1228 2186 1304 2247 doce

150 2278 231 2339 rent,
260 2271 341 2332 dare.
391 2270 434 2331 Ad
464 2271 540 2332 banc
562 2289 664 2332 rocem
691 2271 832 2332 lacrimae
854 2272 976 2333 obortae
1004 2271 1165 2351 prodidere
1187 2272 1304 2333 animum

149 2356 334 2433 aspernantis
366 2354 394 2414 id
423 2372 545 2416 munus:
577 2355 686 2434 quippe
719 2374 780 2416 non
808 2356 886 2418 aliud
920 2357 1013 2432 magis
1045 2358 1076 2417 in
1109 2354 1305 2418 contumeliam

94 2444 131 2494 20
149 2438 306 2499 Persarum
330 2437 458 2499 feminae
481 2439 646 2516 accipiunt,
676 2455 765 2515 quam
787 2440 943 2501 admovere
965 2438 1050 2502 lanae
1071 2458 1190 2503 manus.
1235 2438 1304 2501 Nun·

149 2524 235 2592 tiant,
264 2522 314 2602 qui
340 2522 417 2585 dona
445 2521 588 2593 tulerant,
617 2524 730 2584 tristem
761 2543 826 2586 esse
854 2524 1058 2601 Sisigambim,
1087 2524 1236 2606 dignaque
1264 2540 1304 2585 ros

148 2617 178 2668 et
209 2607 397 2669 excusatione
431 2615 460 2669 et
491 2606 601 2668 solacio
624 2609 693 2673 visa,
748 2607 814 2688 lpse
842 2626 914 2687 ergo
947 2610 1082 2687 pervenit
1109 2609 1147 2670 ad
1181 2626 1244 2671 eam
1273 2614 1303 2673 et

148 2692 284 2763 ‘blater',
312 2693 422 2771 inquit,
460 2693 549 2752 ‘banc
574 2698 704 2763 restem,
737 2710 794 2769 qua
822 2692 944 2754 indutus
972 2711 1054 2762 sum,
1090 2711 1228 2755 sororum
1254 2706 1303 2753 non

149 2775 259 2837 donum
287 2775 396 2846 solum,
425 2775 477 2837 sed
501 2778 588 2840 etiam
612 2795 687 2856 opus
709 2778 802 2838 vides:
832 2778 926 2838 nostri
953 2775 1099 2856 decepere
1128 2795 1177 2838 me
1208 2792 1303 2838 mores.

95 2874 129 2925 21
149 2857 237 2929 Care,
261 2859 399 2931 obsecro,
423 2862 454 2920 in
471 2861 679 2923 contumeliam
695 2863 845 2940 acceperis
866 2863 1084 2940 ignorationem
1106 2880 1214 2924 meam.
1236 2859 1304 2932 Quae
1344 2910 1346 2917 .

186 3045 223 3096 12.
237 3047 273 3096 ut
284 3042 563 3099 arbitrabantur.
593 3043 621 3099 C.
638 3043 705 3100 liebt
793 3049 832 3098 16.
844 3043 968 3111 finem,
983 3043 1053 3101 Einl.
1064 3042 1159 3166 §.dcc
1174 3045 1242 3101 nacb
1254 3044 1302 3099 dn.

148 3108 245 3164 solche
266 3107 451 3164 Parentbesen
475 3110 530 3165 wie
555 3116 587 3166 ut
613 3111 704 3166 credi·
759 3111 858 3166 erhielt
872 3111 980 3166 Archel.
999 3111 1051 3167 deu
1087 3109 1230 3168 berbelehl
1246 3110 1303 3167 iiber

148 3176 240 3236 deret,
253 3181 422 3241 speraverat
433 3191 461 3230 u.
477 3175 564 3243 dergl.
589 3176 619 3231 S.
633 3176 704 3233 oben
758 3179 801 3234 die
825 3179 962 3247 droppen,
986 3178 1107 3234 blaaarus
1130 3180 1209 3236 ward
1231 3178 1304 3243 uum·

147 3246 173 3297 4.
185 3246 210 3297 9.
222 3247 247 3298 4.
758 3246 842 3311 voigi.
865 3246 958 3302 mille
971 3261 995 3301 c.
1007 3256 1098 3313 genet.
1111 3264 1134 3303 s.
1144 3246 1303 3313 lliniseba.

184 3315 223 3364 13.
236 3309 505 3375 imumprodum·
518 3311 706 3388 wassolilrier
757 3341 791 3350 -
805 3314 1016 3380 praesidere
1036 3314 1232 3378 custodiae,
1251 3326 1304 3368 ana·

147 3372 706 3446 imumheissen‘lVoneinemdnodobpov
757 3380 806 3446 log
826 3379 878 3436 don
904 3379 1071 3436 classiscben
1093 3380 1305 3449 tautologiseneo

148 3443 704 3512 (Schemel)sprichtlliodorundaucbdie
756 3446 944 3504 Ausdrdclmn:
962 3462 1102 3514 praeesse
1123 3446 1305 3517 magistratui,

147 3510 321 3567 blonumente
345 3528 399 3567 von
423 3511 580 3580 Persepolis
609 3515 704 3581 zeigen
753 3517 877 3582 praefici
888 3517 1014 3582 imperio.

147 3579 209 3634 eine
220 3578 361 3634 Pussbank
379 3579 430 3635 mit
443 3578 640 3636 llinderlrissen
654 3599 704 3636 un·
790 3618 830 3669 13·
843 3631 918 3671 cum
929 3616 984 3671 MS
997 3624 1048 3673 ete·
1061 3639 1095 3661 Ξ
1107 3615 1190 3673 nebst
1202 3618 1253 3674 den
1265 3615 1306 3683 (im

147 3644 480 3775 gfffm‘ffiffmll‘l'rmfflsllpefslde'ss
489 3647 704 3772 ,Χιὲἱιὲθὲἷὴὲΐέῗὲ
754 3682 1307 3751 Lagerbescbaltigtenlllrauen,diejeue

148 3779 226 3836 stupe
239 3779 348 3845 (nacha
360 3780 420 3836 dem
433 3782 549 3848 Thron).
755 3750 907 3806 Gewander
920 3750 1052 3818 gelertigt
1064 3749 1168 3808 hatten.

181 3853 221 3900 14.
234 3848 276 3903 Et
289 3849 350 3904 bart
366 3872 400 3892 =
416 3850 462 3904 bio
474 3848 518 3905 bei
533 3848 636 3927 diesem
648 3851 703 3903 An·
790 3853 830 3928 te.
851 3852 951 3907 cordi
968 3866 1114 3972 quoque:
1133 3852 1215 3909 Sion:
1232 3866 1307 3909 uena

147 3915 227 3994 lasse.
241 3946 273 3954 —
287 3919 382 3972 vesci
393 3919 428 3971 in
440 3931 494 3977 eo:
512 3923 591 3972 sonst
603 3924 641 3971 rst
653 3915 703 3970 rib·
754 3933 783 3972 es
796 3918 840 3971 rbr
857 3919 927 3973 auch
944 3918 1036 3986 geial
1059 3935 1082 3980 e,
1099 3917 1171 3975 lieb
1190 3921 1253 3983 sei,
1267 3918 1308 3975 ab·

146 3981 201 4037 lrcb
215 3986 292 4039 vesci
303 4000 392 4051 super
404 4000 537 4040 mensam.
754 3985 874 4050 geschen
886 4000 940 4040 von
950 3985 999 4041 der
1008 3983 1310 4044 liricksiobtuabmeaui

182 4053 222 4104 15.
239 4051 391 4116 iubebat,
416 4053 451 4107 de
467 4056 572 4107 cereata
589 4074 622 4093 =
643 4067 702 4107 war
754 4051 807 4106 den
820 4050 916 4117 deber,
929 4068 1060 4121 —quae
1073 4052 1308 4119 docerent,die

147 4115 264 4194 lljillens
279 4134 313 4172 zu
331 4117 465 4174 beiehlen.
482 4146 515 4155 —
531 4118 656 4173 libavit
668 4142 702 4162 =
754 4118 780 4183 S.
795 4122 826 4171 18
839 4119 888 4174 mit
900 4135 972 4187 perae
984 4120 1175 4189 confecerant
1186 4120 1308 4178 Bezeicb·

148 4184 314 4247 ernnahm,
356 4201 470 4247 enoss;
488 4187 531 4241 ein
545 4185 701 4241 leierlicber
754 4195 845 4242 neten.
865 4216 900 4225 -
917 4191 1113 4256 occipiunt,
1131 4190 1187 4258 ugl.
1199 4184 1309 4245 Pbaedr.

147 4250 291 4330 Ausdrnclx
326 4200 374 4306 aler
403 4251 615 4320 Opierspracbe,
649 4254 701 4309 den
752 4260 777 4332 3.
795 4256 974 4321 succipiens
997 4259 1149 4314 cerneleia
1170 4262 1310 4313 contame-

147 4317 234 4372 scbon
247 4318 302 4373 Lrv.
315 4318 370 4373 hat.
753 4320 828 4376 loom.
