2752 4776
405 262 644 312 nxsronxuann
667 262 870 311 Annxnunar
891 265 943 331 vr,
967 262 989 310 1.
1011 261 1035 311 e.
1277 249 1299 316 5

133 425 269 497 caperet,
292 417 452 481 metuebat.
499 419 613 500 Quippe
634 418 801 480 Alexander
822 419 922 480 hostes
942 421 1020 481 vinci
1041 420 1188 491 voluerat,
1217 423 1351 484 Anti-18

129 510 255 581 patrum
278 505 383 564 vicisse
403 522 441 565 ne
463 506 568 565 tacitus
591 504 709 582 quidem
730 503 947 582 indignabatur,
971 522 1041 565 suae
1064 505 1216 585 demptum
1237 506 1299 584 glo-

130 587 199 648 riae
223 588 409 655 existimans,
434 588 576 669 quidquid
600 591 737 650 cessisset
764 587 887 650 alienae.
931 589 1032 666 ltaque
1054 590 1221 670 Antipater,
1249 591 1300 670 qui
1318 597 1351 647 19

132 669 232 750 probe
255 683 358 735 nosset
379 675 501 754 spiritus
523 675 594 742 eius,
618 690 679 734 nou
702 682 748 735 est
770 691 859 734 ausus
879 675 943 751 'rpse
964 690 1053 752 agere
1073 674 1194 737 arbitria
1209 677 1298 736 victo·

133 758 209 838 riae,
232 757 285 818 sed
301 757 460 820 concilium
475 759 667 828 Graecorum,
684 757 754 838 quid
769 758 834 818 lieri
849 756 989 837 placeret,
1012 758 1167 820 consuluit.
1202 760 1226 820 A
1242 775 1300 837 quo
1317 767 1352 817 20

131 839 361 903 Lacedaemonii
392 843 466 904 nihil
495 842 588 913 aliud,
617 861 705 922 quam
727 852 760 904 ut
787 851 920 903 oratores
943 843 1061 904 mittere
1082 842 1119 905 ad
1140 862 1243 923 regem
1265 843 1300 904 li·

133 935 234 995 ceret,
263 927 392 1006 precati:
422 945 439 987 a
467 944 538 1005 rege
566 934 664 988 autem
687 929 802 988 veniam
825 927 999 988 delectionis
1020 937 1141 1007 praeter
1162 937 1300 991 auctores

130 1014 370 1091 inpetravorunt.
403 1009 662 1092 Megalopolitanis,
679 1029 804 1092 quorum
820 1010 893 1073 urbs
908 1010 1028 1073 obsessa
1050 1021 1113 1073 erat
1127 1030 1144 1072 a
1159 1012 1300 1074 deiectius

129 1098 184 1157 nis
205 1096 303 1167 sociis,
325 1095 435 1158 Achaei
457 1105 487 1158 et
508 1096 572 1158 Elei
595 1104 714 1158 centum
737 1116 775 1158 xx
798 1096 906 1157 talenta
935 1096 1006 1158 dare
1026 1098 1101 1158 iussi
1123 1106 1202 1158 sunt.
1245 1097 1300 1158 llic
1317 1102 1350 1153 21

129 1183 190 1242 luit
211 1183 308 1242 exitus
330 1179 411 1252 belli,
435 1181 513 1260 quod
530 1188 652 1261 reponte
667 1189 765 1243 ortum
780 1183 864 1259 prius
883 1188 982 1242 tamen
997 1181 1112 1243 linitum
1134 1190 1189 1252 est,
1212 1198 1300 1265 quam

132 1265 265 1328 Dareum
287 1264 452 1328 Alexander
473 1267 552 1344 apud
573 1265 681 1328 Arbela
704 1274 870 1346 superaret.

652 1401 728 1464 Car.
751 1400 789 1463 ΙΙ.

93 1512 121 1577 4
221 1519 280 1582 Sed
308 1529 342 1581 ut
368 1520 497 1600 primunr
525 1518 705 1582 instantibus
733 1521 812 1582 curis
839 1519 951 1581 laxatus
979 1529 1025 1582 est
1051 1522 1167 1582 animus
1193 1519 1334 1581 milita-1

131 1607 215 1667 rium
237 1622 339 1666 rerum
361 1622 451 1685 quam
473 1606 581 1685 quietis
603 1606 714 1685 otllque
728 1605 901 1683 patientior,
925 1623 1069 1686 excepere
1085 1624 1153 1667 eum
1167 1603 1299 1682 volupta-

132 1700 191 1759 tes,
215 1698 254 1761 et,
279 1707 366 1768 quem
389 1707 471 1751 arma
493 1689 652 1751 Persarum
674 1706 734 1748 non
757 1691 921 1768 fregerant,
950 1690 1019 1751 vitia
1048 1692 1197 1753 vicerunt:
1226 1696 1335 1751 tem-a

134 1776 251 1855 pestiva
274 1775 405 1836 convivia
428 1782 458 1834 et
479 1773 654 1855 perpotandi
677 1773 931 1854 pervigilandique
956 1775 1057 1837 insana
1080 1773 1204 1836 dulcedo
1226 1772 1301 1835 ludi-

138 1957 217 2024 dum,
239 1958 271 2014 di
289 1959 406 2014 nitatem
427 1959 483 2015 wie
504 1965 589 2015 unten
611 1962 636 2015 9.
661 1960 693 2011 18
744 1966 830 2015 unoen
849 1960 872 2014 ’1.
890 1961 915 2014 4.
933 1961 966 2010 39
983 2001 991 2023 ,
1013 1972 1045 2013 so
1063 1958 1122 2014 that
1141 1973 1172 2013 er
1188 1955 1246 2014 dies
1265 1957 1301 2012 si·

136 2027 247 2083 modum
263 1977 387 2082 dominis
405 2028 546 2084 excedere
563 2026 619 2108 pud
637 2025 694 2107 liu.
745 2028 811 2083 cher
842 2033 925 2082 unter
974 2041 1016 2081 em
1047 2024 1183 2081 Einllusse
1211 2025 1303 2081 selner

133 2098 159 2157 4,
179 2098 218 2149 1³.
236 2098 252 2147 3
271 2096 485 2161 supramodum
499 2095 693 2161 homanrspra-
745 2096 815 2151 auch
832 2093 876 2148 bel
895 2092 1014 2149 anderen
1031 2092 1165 2149 Anltsseu
1186 2092 1302 2149 herror-

134 2164 201 2218 vatr'.
231 2161 261 2216 ln
280 2161 415 2230 gleichem
434 2161 517 2218 Sinne
534 2161 652 2218 braucht
664 2159 692 2216 G.
744 2161 890 2218 tretenden
912 2158 1062 2230 llissgunst
1083 2174 1172 2228 gesen
1188 2160 1302 2228 Antipa-

132 2227 276 2285 mehriaeh
302 2228 451 2297 facticium
478 2247 500 2287 z.
522 2230 551 2286 B.
578 2233 603 2286 4.
631 2231 694 2286 aa
746 2237 796 2285 ter.
826 2256 859 2267 —
889 2230 981 2285 iussi
1006 2234 1099 2290 sunt.
1128 2227 1198 2283 doch
1223 2224 1302 2282 wohl

131 2297 249 2353 mortali
264 2295 390 2364 fostipio.
746 2295 878 2354 ebenfalls
901 2314 920 2352 o
942 2311 1017 2352 ree.
1053 2295 1130 2352 Auclr
1152 2294 1302 2351 Aeschines

168 2369 210 2421 18.
237 2366 408 2421 cessisset
436 2388 469 2408 =
497 2362 693 2432 zugelalleu
745 2383 769 2422 a.
782 2383 806 2421 a.
819 2365 849 2421 0.
868 2373 953 2421 neunt
983 2365 1135 2429 ierhier,
1153 2361 1302 2419 Eleorund

136 2433 194 2489 sei.
226 2431 287 2500 Vgl.
306 2431 359 2487 Cic.
378 2434 553 2490 Verr.2.1⁷0
569 2435 596 2488 is
608 2448 693 2500 quoe·
744 2432 877 2489 Arlxadier
890 2430 1115 2501 (ausgenommen
1129 2429 1301 2552 dlellegalo·

134 2507 198 2556 stus
209 2498 278 2555 huic
290 2501 371 2556 cedit.
401 2501 448 2558 ltie
461 2499 694 2568 Classilxersagen
745 2499 892 2569 politaner)
911 2499 951 2556 als
966 2497 1139 2556 verbundete
1157 2497 1206 2552 der
1238 2513 1302 2566 par-

134 2567 217 2623 meist
235 2567 315 2623 datur
331 2568 542 2637 vollstandiger:
568 2568 693 2633 (con)ce·
745 2575 823 2623 taner
844 2567 902 2623 und
924 2566 1074 2628 berichtet,
1097 2564 1160 2620 dass
1182 2563 1302 2632 Megalo·

136 2637 176 2717 da’t
198 2650 248 2691 rer
265 2637 414 2716 nitrosum,
432 2636 584 2704 praedam,
608 2638 694 2702 impe·
744 2634 826 2701 notis.
845 2632 910 2689 weil
923 2633 1024 2714 essich
1036 2648 1091 2688 von
1106 2630 1302 2699 ienemBuude

135 2719 211 2824 ”ii
229 2702 389 2850 illido
416 2772 591 2827 aroanna
613 2770 639 2826 a.
664 2771 695 2826 n.
745 2698 1303 2850 satelliteinsidiatricis

138 2838 180 2894 die
192 2837 399 2908 ltntschexdung
416 2838 486 2895 iiber
503 2837 547 2893 die
558 2838 695 2894 llessnah-
746 2836 832 2893 Stelle
849 2835 964 2892 lxrxtxsclr
986 2835 1125 2891 unsrcher.
1146 2861 1178 2872 -
1199 2848 1303 2900 prcus

135 2921 198 2960 men
216 2907 299 2962 uach
317 2906 379 2962 dern
397 2906 486 2974 Siege.
512 2904 693 2962 AuchLivius
746 2912 867 2960 tomen.
900 2903 951 2959 llln
972 2902 1093 2959 lrrthum
1115 2901 1164 2957 des
1187 2898 1304 2957 Schrilt·

136 2974 183 3029 hat
196 2973 319 3030 arbitria
331 2974 396 3030 belli
403 2976 542 3043 pacisque
554 2987 648 3041 acere.
660 3006 694 3016 -
746 2969 865 3027 stellers.
899 2969 952 3027 Iler
969 2969 1033 3038 Sieg
1055 2971 1098 3027 bei
1120 2966 1219 3025 Arbela
1242 2967 1304 3025 taur

136 3042 326 3120 concilium
359 3041 571 3098 Graecorum
601 3063 635 3084 =
660 3033 693 3093 τὰ
745 3040 774 3095 in
792 3039 840 3095 das
858 3038 924 3094 Jahr
941 3038 1044 3095 vorlrer
1062 3035 1142 3106 (331).

136 3125 235 3163 norece
245 3106 301 3162 τῶν
309 3103 450 3175 Ἑλλήνων
462 3107 615 3177 συνέδριον
625 3107 694 3164 nach

136 3175 220 3241 Itiod,
239 3176 265 3231 d.
279 3177 306 3232 h.
324 3176 368 3233 die
380 3177 552 3246 Tagsatzung
570 3176 619 3232 der
630 3174 695 3231 llel·
964 3157 1027 3209 ⁰³¹³·
1046 3158 1083 3210 Π·
1239 3239 1252 3251 ,

137 3244 215 3301 leuen
232 3245 261 3299 in
278 3245 403 3303 Korinth.
785 3246 808 3299 1.
837 3243 1057 3299 instantibus
1087 3266 1121 3287 ==
1151 3236 1302 3296 Aaronom

169 3316 211 3369 20.
230 3318 403 3370 oratores.
432 3311 492 3380 Vgl.
505 3316 528 3368 5.
541 3316 565 3367 3.
579 3315 608 3363 11
629 3327 694 3366 ora·
746 3311 801 3366 wie
823 3316 847 3368 3.
869 3315 893 3368 3.
917 3314 941 3367 2.
980 3310 1018 3366 Zu
1045 3313 1158 3367 unimus
1188 3326 1218 3367 er
1237 3315 1303 3365 inae

136 3381 246 3437 tornius
275 3382 371 3437 missis
405 3381 444 3436 od
476 3378 696 3447 deprecandum.
747 3380 811 3435 eius
823 3394 872 3434 aus
885 3372 946 3434 dem
958 3377 1202 3445 vorhergehenden
1250 3382 1302 3432 tae.

136 3446 210 3504 Nach
232 3448 330 3504 Aesch.
352 3449 381 3504 in
404 3447 475 3503 Ctes.
499 3448 518 3514 3
542 3451 590 3500 133
614 3446 696 3514 gierig
746 3460 971 3517 -sexcepere
988 3459 1060 3507 eom,
1078 3444 1149 3500 doch
1167 3445 1244 3499 wohl
1257 3459 1302 3500 rc·

137 3514 212 3573 diese
241 3515 452 3572 Gesandtschalt
478 3513 552 3570 llnde
577 3518 628 3567 330
654 3513 696 3578 ab,
746 3528 820 3581 pem,
851 3514 927 3569 nicht
953 3513 1086 3568 animum.
1124 3508 1302 3568 Uehersetze:

137 3583 176 3639 als
200 3582 277 3641 Alex.
300 3584 359 3640 sich
376 3583 479 3640 bereits
503 3579 557 3648 ἔξω
574 3578 625 3635 τοῦ
644 3573 695 3647 ἅρ-
748 3587 790 3636 ‘er
807 3581 914 3649 gerieth
932 3580 960 3634 in
975 3577 1121 3640 dielletze,
1138 3578 1216 3634 ward
1253 3594 1304 3635 anx

136 3668 206 3704 neon
224 3651 250 3706 d.
268 3652 294 3706 h.
319 3652 347 3707 in
366 3650 523 3707 ltalxtrien
541 3647 648 3705 beiand.
661 3677 695 3687 -
767 3647 826 3704 elan
849 3664 881 3704 en
900 3661 1063 3715 genommen
1080 3662 1135 3701 von
1152 3653 1216 3702 etc.’
1266 3645 1303 3714 gl,

136 3737 154 3773 o
172 3733 252 3787 rece
271 3725 389 3800 autern.
419 3718 583 3784 degensata:
606 3734 624 3771 α
640 3733 694 3798 ⁸quo
747 3664 801 3772 gio.
815 3663 858 3797 ‘de
881 3732 920 3772 or.
942 3718 967 3770 2.
993 3717 1026 3766 32
1053 3714 1092 3769 od
1117 3715 1304 3782 eccipiendos

137 3785 197 3854 (καὶ
216 3782 296 3855 παρὰ
309 3804 413 3840 τουτου
425 3782 499 3854 μέν).
528 3785 605 3842 Auch
617 3782 694 3839 llxod.
745 3783 889 3840 homanum
906 3782 1064 3838 noluntates
1081 3802 1114 3823 ==
1132 3781 1172 3836 ad
1187 3787 1305 3848 copton·

136 3855 284 3919 herichtet,
310 3855 371 3911 dass
396 3853 440 3910 die
456 3853 629 3923 'lagsatzung
646 3851 695 3908 der
746 3853 811 3907 dam
837 3851 981 3906 hominum
1007 3848 1221 3904 beneolentiam
1246 3848 1304 3904 und

135 3923 347 3980 Hellenennach
360 3922 455 3990 langer
467 3922 624 3987 Berethung
636 3920 694 3976 sich
747 3919 790 3975 die
808 3918 929 3973 Phrasen
951 3917 1086 3996 excipere
1102 3915 1211 3982 feram,
1234 3930 1304 3973 oves

137 3992 219 4047 dahin
238 3989 392 4053 entschied‚
410 3981 550 4058 ἀκέραιον
568 3980 622 4054 τὴν
634 3987 694 4054 κρί-
746 4003 773 4042 u.
792 3985 848 4052 dgl.
876 3984 1053 4040 Anderwtrts
1071 3991 1108 4039 rst
1125 3997 1174 4040 res
1191 3998 1236 4040 me
1251 3999 1304 4040 ecc-

137 4076 182 4112 σιν
197 4052 245 4113 ἐπὶ
258 4055 308 4113 τὸν
316 4051 502 4126 Ἀλέξανδρον
512 4048 693 4124 ἀναπέμψαι.
747 4055 860 4121 cipit==
873 4053 948 4107 eine
961 4050 1065 4108 Sache
1083 4059 1208 4107 wartet
1224 4052 1304 4107 mel-

135 4127 264 4207 Welchcs
287 4125 331 4182 die
348 4124 558 4247 lintscheidunpJ
575 4124 624 4205 des
641 4123 694 4178 lld-
748 4136 819 4184 ner,
838 4134 870 4175 so
888 4122 912 4176 8.
931 4123 954 4175 2.
972 4123 1014 4201 Ad.
1160 4187 1166 4198 ι

135 4191 697 4318 1111111111111111111111111
748 4192 1091 4324 xaiettttttitlts
1104 4187 1223 4336 ‚tuit
1234 4185 1306 4309 itt

137 4325 696 4397 consparranernverzeihung(vglauch
749 4327 772 4383 5.
791 4329 814 4381 7.
834 4327 863 4384 2;
882 4327 905 4381 8.
924 4328 949 4380 3.
969 4326 993 4377 8.
1029 4323 1147 4390 lltssxge
1164 4321 1307 4379 Gastmth·
