2752 4776
155 209 220 272 210
613 223 645 284 o.
670 223 876 272 cunr1nrrr

158 396 218 439 non
247 377 445 458 adloquendi,
474 397 533 438 non
563 378 706 440 noscendi
735 379 933 458 monendique
962 390 1014 440 aret
1041 381 1181 442 intuendi
1203 399 1256 442 vos
1280 385 1326 441 ius

108 480 140 528 1o
158 463 329 542 reliquistis,
375 461 518 539 Equidem
541 480 609 523 eum
631 462 705 523 alios
728 462 876 524 dimittere
898 467 929 524 in
951 467 1093 542 patriam,
1117 466 1195 525 alios
1211 483 1326 527 mecum

157 545 246 624 paulo
275 556 341 626 post
363 547 522 626 deportare
543 550 714 616 statuerim,
742 557 803 608 tam
829 546 895 608 illos
917 547 1119 609 adclamantes
1147 549 1251 628 rideo,
1278 551 1327 629 qui

157 631 265 691 abituri
288 637 372 699 sunt,
403 649 490 708 quam
516 630 585 698 bos,
615 649 683 692 cum
711 630 819 709 quibus
847 635 1028 711 praemissos
1054 632 1200 712 subsequi
1229 636 1325 694 stetui.

108 734 139 782 17
158 712 235 783 Quid
265 715 322 775 hoc
350 725 396 774 est
428 715 493 775 rei?
525 715 636 793 dispari
657 717 689 775 in
719 733 806 776 causa
839 716 919 776 idem
953 718 1087 777 omnium
1118 717 1237 778 elamor
1269 719 1326 778 est!

156 797 302 860 Pervelim
324 800 419 866 scire,
443 808 556 868 utrum,
580 801 631 878 qui
653 799 825 866 discedunt,
853 817 905 868 an,
933 802 985 878 qui
1007 803 1192 871 retinentur,
1223 801 1261 862 de
1282 820 1326 862 mc

106 902 138 951 18
155 886 339 963 querantur!
394 882 539 944 Crederes
570 901 631 943 uno
664 901 717 943 ore
750 900 855 943 omncs
885 883 1043 946 sustulisse
1075 883 1256 947 clamorem:
1288 887 1325 946 ita

106 987 138 1036 19
155 969 268 1046 pariter
295 985 331 1026 ex
361 974 420 1027 tota
444 969 581 1027 contione
603 984 779 1046 responsum
802 975 862 1034 est,
893 985 996 1029 omnes
1024 971 1120 1048 queri
1168 970 1246 1030 Tum
1268 969 1322 1037 illc,

53 1048 56 1053 ’
157 1052 248 1121 ‘Non
276 1049 423 1120 hercule,’
452 1053 565 1128 inquit,
596 1053 706 1130 'potest
732 1052 812 1119 lieri,
841 1057 875 1112 ut
901 1051 1031 1114 adducar
1058 1053 1209 1132 querendi
1242 1055 1322 1114 simd
1332 1050 1362 1114 111

155 1135 293 1196 omnibus
315 1136 391 1196 banc
413 1153 532 1195 causam
556 1152 636 1203 esse,
665 1153 754 1214 quam
783 1133 953 1204 ostenditis,
987 1140 1020 1197 in
1046 1156 1105 1216 qua
1135 1139 1233 1198 maior
1260 1155 1322 1216 pars

157 1221 306 1280 exercitus
327 1236 387 1279 non
412 1227 475 1287 est,
498 1228 600 1296 utpote
623 1237 690 1279 cum
713 1217 814 1298 plures
836 1218 1015 1288 dimiserim,
1045 1239 1134 1299 quam
1159 1227 1323 1282 retenturus

104 1317 138 1367 20
156 1321 229 1363 sum.
274 1303 384 1363 Subest
412 1304 553 1362 nimirum
581 1303 670 1363 altius
697 1301 824 1371 malurn,
853 1304 931 1380 quod
961 1322 1066 1364 omnes
1093 1307 1203 1366 avertit
1231 1324 1319 1366 ame.

155 1387 280 1456 Quando
304 1388 383 1446 enirn
405 1405 507 1463 regem
534 1387 690 1447 universus
719 1387 851 1447 deseruit
873 1389 1041 1449 exercitus?
1085 1389 1131 1450 Ne
1160 1393 1242 1451 servi
1263 1392 1321 1466 qni·

155 1472 223 1532 dem
245 1488 306 1530 uno
329 1487 419 1547 grege
440 1471 616 1549 profugiunt
637 1471 786 1538 dominos,
810 1470 862 1530 sed
885 1473 1072 1552 estquidam
1095 1475 1127 1533 in
1150 1473 1211 1536 illis
1233 1474 1322 1553 pudor

103 1571 136 1619 21
155 1574 171 1615 a
194 1556 301 1615 ceteris
324 1555 480 1615 destitutos
501 1554 701 1633 relinquendi.
745 1555 854 1614 Verum
877 1567 1014 1633 egotam
1037 1557 1172 1618 furiosae
1194 1567 1320 1618 conster-

43 1632 49 1637 ’
156 1640 282 1699 nationis
311 1637 419 1699 oblitus
451 1638 583 1699 remedia
611 1636 824 1699 insanabilibus
857 1657 949 1699 conor
982 1640 1137 1702 adbibere.
1190 1643 1319 1707 Omnem,

155 1722 291 1790 hercule,
320 1740 419 1801 spem,
448 1741 536 1801 quam
565 1740 601 1781 ex
630 1722 713 1782 vobis
735 1739 947 1800 conceperam,
976 1724 1086 1786 damno
1114 1745 1174 1788 nec
1200 1734 1234 1786 ut
1260 1743 1319 1787 cum

153 1806 298 1868 militibus
325 1809 398 1866 meis
419 1841 461 1852 -
482 1810 541 1866 iam
565 1808 645 1866 enim
667 1824 731 1867 esse
753 1805 872 1867 desistis
893 1841 935 1851 —
956 1808 1009 1869 sed
1036 1819 1071 1870 ut
1092 1828 1163 1870 cum
1192 1811 1320 1888 ingratis·

103 1893 237 1954 ‘resimis
264 1893 363 1970 operis
391 1908 479 1967 agere
507 1891 634 1952 decrevi.
685 1890 829 1951 Secundis
863 1891 970 1960 rebus,
1005 1911 1082 1971 quae
1115 1895 1319 1956 circumlinunt
1354 1920 1359 1931 ·

153 1993 220 2043 ros,
249 1977 382 2035 insanire
400 1977 554 2054 coepistis,
584 1972 669 2034 obliti
691 1975 883 2043 statuamus,
913 1994 1000 2054 mem
1028 1978 1177 2039 beneficio
1207 1979 1318 2041 exuistis

155 2077 237 2128 mco,
262 2059 356 2136 digni,
381 2059 518 2128 hercule,
542 2061 592 2138 qui
614 2060 644 2118 in
660 2058 764 2118 eodem
786 2063 1021 2130 consenescatis,
1045 2065 1188 2140 quoniam
1212 2062 1318 2124 facilius

104 2157 137 2205 23
157 2153 203 2203 est
225 2143 308 2203 vobis
331 2143 482 2204 adversam
506 2162 594 2223 quarn
617 2142 776 2203 secundam
793 2161 899 2221 regere
922 2144 1082 2207 fortunam.
1128 2147 1174 2207 En
1198 2147 1318 2214 tandem,

156 2392 189 2429 zu
207 2378 231 2424 4.
250 2378 274 2428 7.
295 2379 316 2429 1.
338 2400 372 2411 —
395 2377 579 2438 noscendi,
603 2374 713 2431 absolut
765 2376 802 2430 ist
819 2378 946 2443 poetisch
965 2377 1021 2433 und
1035 2379 1256 2440 nachclassisch;
1273 2379 1318 2434 Cic.

155 2459 189 2495 zu
213 2439 304 2496 lassen
327 2442 381 2496 wie
408 2443 580 2509 adloquendi
605 2461 632 2498 u.
655 2460 712 2497 rno-
764 2461 790 2510 p.
807 2444 878 2499 Sest.
891 2450 924 2496 50
937 2447 974 2500 ist
991 2446 1016 2500 d.
1029 2447 1073 2500 W.
1093 2448 1263 2515 neuerdings
1280 2448 1317 2502 be·

154 2510 249 2564 nendi.
291 2508 415 2564 Gemeint
432 2511 468 2564 ist
486 2510 533 2564 das
555 2509 642 2565 liecht
664 2510 713 2565 der

155 2577 420 2642 Untersnchung
438 2576 637 2633 zweiielbalter
649 2577 712 2631 Fra·

154 2660 206 2708 gen
236 2643 292 2699 und
325 2642 432 2710 Entgc
464 2645 625 2699 ennahme
658 2661 712 2698 von

153 2711 361 2765 beschwerden.
405 2660 461 2778 Vgl.
484 2717 507 2765 6.
528 2717 552 2767 t.
569 2717 616 2777 243
639 2716 663 2766 9.
687 2716 711 2765 2.

152 2783 168 2827 t
188 2779 342 2833 noscendo.
381 2780 458 2833 rinch
483 2779 542 2834 Tac.
561 2795 622 2832 ann.
642 2783 665 2833 6.
679 2782 710 2838 9;

155 2849 193 2897 12.
214 2848 247 2896 60
265 2845 338 2899 steht
351 2861 471 2901 noscere
488 2869 521 2888 =
540 2860 711 2912 cognoscere

153 2928 206 2966 von
220 2911 268 2966 der
285 2912 479 2968 ricbterlichen
493 2913 712 2978 Untersuchung.

152 3005 184 3014 -
205 2985 264 3031 aut
281 2980 452 3041 intuendi;
473 2987 523 3034 out
540 2980 644 3034 hier=
663 2986 712 3034 oui

152 3045 263 3108 saltem,
281 3051 366 3099 certe.

188 3147 227 3197 16.
241 3145 473 3210 odelnmondi,
484 3148 521 3200 im
531 3145 713 3204 nblenSinne.

154 3211 189 3266 So
209 3212 278 3266 auch
298 3213 340 3266 bei
359 3212 521 3268 Classikern.
621 3257 624 3260 .

188 3300 227 3347 19.
246 3297 405 3351 adducar
420 3318 455 3338 =
473 3297 554 3350 mibi
564 3311 711 3362 persna-

152 3362 289 3418 dentnr.
341 3363 389 3417 bie
422 3360 605 3429 vollstindige
640 3365 710 3418 Gon-

153 3429 293 3485 strulition
316 3435 392 3483 wire
423 3430 566 3494 adducor,
595 3437 627 3484 ut
658 3446 710 3485 ecc—

151 3499 278 3559 istirnern,
296 3498 419 3552 credam.
432 3524 465 3533 —
478 3499 665 3553 ostenditis
677 3521 711 3541 =

150 3564 322 3630 praefertis,
339 3567 520 3630 praetexitis.
538 3593 570 3600 —
589 3567 624 3619 in
645 3583 710 3632 pua

233 3638 299 3693 est;
331 3647 421 3686 causo
451 3631 487 3685 ist
518 3632 578 3686 hier
606 3633 633 3685 in
661 3633 710 3687 der

151 3697 313 3763 Redeutung
341 3699 448 3764 ‘tage
477 3697 555 3753 iati’
584 3716 617 3753 zu
643 3716 709 3766 sup-

153 3763 254 3828 pliren,
277 3765 363 3831 vergi.
387 3766 438 3820 Cic.
467 3765 541 3820 Verr.
564 3768 588 3819 5.
608 3771 655 3816 111
679 3769 710 3819 in

152 3831 250 3885 eodem
267 3848 358 3887 eausa
374 3833 440 3899 fuit.
469 3831 541 3886 Naoli
562 3833 623 3886 dem
641 3832 709 3887 Vor-

152 3897 345 3964 hergebenden
368 3915 426 3954 war
452 3899 584 3953 vielmelir
606 3916 640 3953 zu
666 3916 709 3954 er-

152 3973 271 4018 warten:
290 3981 362 4031 quoe
375 3983 431 4021 non
443 3968 520 4020 cudit
531 3969 561 4021 in
574 3970 710 4022 maiorem

765 2520 883 2659 initii„
896 2513 1318 2660 ''splltnlllinablbelfl

764 2645 866 2700 konnte
879 2662 908 2701 es
921 2649 991 2701 ancli
1004 2649 1061 2702 illes
1080 2651 1206 2708 herssen,
1226 2667 1248 2703 s.
1259 2647 1318 2703 Einl.

763 2712 781 2776 8
812 2713 894 2767 181.
923 2742 957 2751 -
992 2717 1230 2782 relinquendi,
1275 2716 1319 2769 ller

764 2779 877 2835 weltere
887 2780 992 2847 Regrill
998 2784 1073 2836 steht
1086 2783 1132 2836 liir
1143 2784 1197 2838 (len
1209 2797 1318 2851 engeren

764 2848 938 2912 (deserere),
973 2849 1114 2904 vielleicht
1144 2866 1246 2916 wegen
1278 2849 1318 2904 des

763 2913 1005 2980 vorauigehenden
1023 2918 1184 2975 destitutos.

798 3018 838 3069 21,
858 3016 1017 3070 remedia.
1051 3015 1112 3082 Vgl.
1131 3018 1178 3072 die
1201 3017 1319 3073 dhnlichc

765 3079 851 3135 Stelle
863 3086 887 3135 9,
899 3086 923 3136 4.
936 3088 981 3144 22,
997 3099 1043 3138 ivo
1056 3100 1111 3138 von
1130 3086 1186 3139 den
1200 3086 1319 3141 remedio

763 3149 911 3203 seditionis
924 3152 1098 3216 gesprochen
1109 3153 1191 3208 wird.
1203 3182 1237 3190 -
1247 3169 1319 3208 con-

763 3230 923 3281 ceperam
947 3219 1001 3271 wie
1020 3221 1043 3272 1,
1062 3223 1108 3277 34:
1132 3221 1285 3275 erudierant
1300 3223 1320 3273 l.

763 3286 853 3337 31-
877 3284 1009 3343 domito,
1039 3283 1142 3340 ebenso
1172 3289 1223 3342 mit
1249 3301 1320 3353 spen

763 3354 785 3400 9.
808 3353 850 3404 21.
890 3349 948 3416 Vgl.
976 3352 1019 3405 dic
1043 3353 1121 3408 Anm.
1146 3371 1182 3408 zu
1205 3360 1230 3406 3.
1249 3359 1273 3409 2.
1295 3358 1319 3412 l;

762 3419 1320 3488 3.8.2.—operis=llliethlingen

762 3482 797 3538 So
825 3482 963 3539 brauchen
993 3485 1040 3540 das
1068 3486 1152 3541 Wort
1185 3490 1254 3544 auch
1283 3488 1321 3542 die

763 3549 899 3604 Classilier
917 3568 939 3605 z.
957 3552 984 3607 B.
1005 3552 1058 3607 Cic.
1077 3571 1104 3620 p.
1126 3556 1199 3610 Sest.
1213 3560 1260 3615 38,
1278 3556 1321 3610 der

762 3616 823 3670 dem
850 3620 941 3672 pictor
971 3623 1121 3676 exercitus
1154 3622 1320 3690 gegendber·

762 3683 851 3739 stelit:
871 3700 977 3751 operae
995 3688 1164 3744 conductae.

795 3771 1012 3824 tumuistis.
1032 3770 1150 3836 Vgl.das
1166 3772 1321 3827 livianische

761 3849 871 3888 exuere
889 3839 1041 3897 ciuitatem,
1064 3848 1146 3893 sonst
1164 3838 1252 3895 findet
1269 3838 1320 3894 sicli

762 3901 809 3954 (lars
828 3901 909 3955 Wort
932 3905 968 3956 im
991 3904 1142 3959 biidltcnen
1167 3907 1252 3963 Sinne
1273 3905 1320 3960 last

762 3984 814 4022 nur
832 3969 881 4022 init
893 3969 1027 4035 ObJ'ekten
1044 3973 1100 4026 wie
1118 3990 1229 4037 mores,
1248 3977 1319 4036 nitio,

149 4039 262 4095 purtem
279 4035 435 4088 enercitus.
760 4034 905 4100 feritatem
932 4039 987 4092 und
1015 4038 1103 4103 dergl.
1134 4069 1163 4079 —
1194 4055 1319 4108 repere.

186 4119 226 4167 ρο,
244 4115 368 4170 Subest
389 4117 442 4170 wie
464 4119 488 4166 4,
512 4121 600 4181 9.11;
622 4122 646 4172 4Ι
670 4121 709 4174 12·
762 4100 867 4156 Ebenso
893 4109 915 4155 7.
939 4108 963 4156 8.
985 4109 1019 4155 24
1040 4106 1120 4160 illurn
1147 4104 1322 4173 [fortunam]

153 4182 198 4240 14;
217 4185 421 4238 11119111).
438 4212 472 4221 -
488 4185 708 4250 profupinni.
761 4184 852 4234 ''092⁸-

80 4243 204 4472 lber
222 4249 363 4304 transitive
377 4250 519 4306 Gebrauch
537 4252 584 4304 des
598 4251 708 4306 Wortes
795 4256 835 4309 23.
866 4253 917 4308 En
947 4256 1091 4311 tandem.
1140 4258 1216 4313 Wir:
1252 4265 1318 4312 ‘man
