2752 4776
146 248 209 313 135
589 246 622 307 o.
640 244 752 296 cunm
769 244 859 296 nrm

145 415 329 495 exemplum:
359 434 392 476 se
419 424 488 474 ante
514 415 608 493 prima
631 415 714 489 signa
742 412 961 472 dimicaturum.
1015 411 1171 489 Spondere
1197 428 1254 489 pro
1280 429 1311 471 se

145 511 189 562 tot
211 503 378 568 cicatrices
401 499 523 559 totidem
545 501 680 576 corporis
702 495 825 558 decora:
848 498 925 555 scire
946 499 1028 574 ipsos
1048 513 1143 555 unum
1163 512 1261 573 paene
1281 513 1312 555 se

146 585 275 665 praedae
296 585 462 643 communis
484 590 619 642 exortem
646 583 677 640 in
699 580 756 640 illis
777 580 912 640 colendis
939 578 1140 655 ornandisque
1165 596 1313 658 usurpare

112 682 128 729 t
147 670 286 729 victoriae
307 670 447 745 praemia.
485 667 565 727 llaec
587 684 620 726 se
640 665 770 725 lortihus
792 667 863 724 viris
884 665 993 723 dicere.
1030 665 1062 723 Si
1083 665 1134 740 qui
1156 661 1312 725 dissimdoe

146 770 250 813 eorum
267 758 381 820 essent,
403 751 453 811 illa
475 751 566 811 luisse
589 749 751 808 dicturum:
774 750 946 827 pervenisse
960 766 1011 816 co,
1032 747 1112 808 unde
1132 747 1240 825 lugere
1254 765 1313 809 non

146 845 277 916 possent.
326 834 384 894 'lot
411 845 560 895 terrarum
582 836 674 913 spatia
697 835 842 901 emensis,
870 840 914 892 tot
940 830 1078 892 amnibus
1104 831 1313 911 montibusque

145 929 213 1001 post
240 928 355 997 tergum
377 919 502 979 obiectis
523 921 581 978 iter
602 919 634 976 in
656 918 781 995 patriam
804 924 833 976 et
859 924 983 994 penates
1004 934 1096 977 manu
1117 934 1184 976 esse
1204 916 1315 977 tactem

112 1005 239 1064 tdurn'.
284 1004 333 1064 Sic
355 1002 462 1071 duces,
485 1005 528 1063 sic
550 1002 677 1079 proximi
698 999 825 1060 militum
847 1000 978 1060 instincti
999 1008 1078 1060 sunt.

231 1087 344 1149 Dareus
370 1090 401 1147 in
428 1087 511 1147 laevo
533 1103 626 1147 cornu
649 1094 728 1152 erat,
757 1101 866 1161 magno
887 1102 1008 1144 suorum
1029 1085 1163 1160 agmine,
1191 1082 1355 1153 delectis53

147 1174 280 1249 equitum
308 1171 515 1250 peditumque,
544 1171 682 1247 stipatus,
711 1175 987 1246 contempseratque
1013 1169 1192 1246 paucitatem
1213 1167 1313 1239 hostis,

111 1270 252 1316 suanam
280 1256 374 1315 aciem
397 1272 464 1314 esse
492 1255 617 1313 extentis
639 1251 781 1312 cornibus
803 1260 893 1311 ratus.
942 1251 1095 1319 Cetemm,
1125 1253 1204 1311 sicut
1224 1269 1314 1313 curru

146 1337 311 1417 eminebat,
335 1337 438 1398 dextra
461 1337 600 1415 laesaque
623 1337 660 1396 ad
683 1337 904 1396 circumstantia
926 1338 1045 1413 agmina
1071 1333 1175 1395 oeulos
1195 1354 1314 1397 manus·

146 1440 205 1501 que
226 1422 459 1491 circumferens,
490 1420 686 1489 ‘Terrarum',
708 1421 820 1499 inquit,
851 1429 935 1499 ‘quas
955 1419 1092 1479 Oceanus
1119 1419 1191 1478 binc
1212 1418 1311 1489 adluit,

146 1506 228 1565 illinc
251 1504 361 1565 claudit
382 1504 606 1585 Hellespontus,
629 1503 719 1583 paulo
741 1512 810 1564 ante
831 1503 956 1571 domini,
985 1506 1042 1563 iam
1064 1521 1126 1563 non
1148 1503 1186 1562 de
1209 1502 1312 1582 glorta,

146 1590 198 1649 sed
222 1589 259 1649 de
282 1588 376 1650 salute
398 1598 441 1657 et,
466 1589 545 1667 quod
560 1587 647 1648 saluti
668 1589 866 1666 praeponitis,
889 1586 1025 1647 libertate
1046 1586 1239 1666 pugnandum
1261 1596 1312 1650 est.

97 1690 130 1735 ro
147 1673 202 1735 ilic
224 1672 288 1733 dies
310 1674 485 1752 imperium,
508 1690 568 1752 qno
590 1671 702 1732 nullum
726 1670 852 1751 amplius
873 1671 945 1731 vidit
966 1681 1060 1741 actas,
1083 1679 1135 1731 aut
1154 1674 1316 1734 constituet

146 1766 198 1817 aut
220 1758 310 1817 liniet.
354 1758 438 1836 hqud
461 1758 622 1818 Granicum
644 1758 767 1816 minima
787 1757 894 1816 virium
916 1763 1002 1835 parte
1023 1773 1091 1816 oum
1113 1755 1199 1816 hoste
1221 1764 1314 1818 oerta·

147 1844 257 1901 rimus:
285 1843 317 1901 in
339 1840 440 1903 Cilicia
463 1844 557 1901 victos
579 1842 663 1919 Syria
684 1848 802 1919 poterat
824 1841 975 1916 excipere:
1005 1857 1111 1917 magna
1132 1840 1314 1902 munimenta

97 1940 128 1987 11
147 1926 233 2003 regni
254 1925 354 2003 Tigris
375 1932 464 2004 atque
487 1925 653 2004 Euphrates
675 1932 770 1985 erant.
819 1925 952 1984 Ventum
974 1932 1018 1983 est
1040 1942 1092 1992 eo,
1121 1923 1203 1984 unde
1224 1924 1315 2001 pulsis

147 2028 185 2069 ne
208 2010 294 2087 fugae
316 2010 436 2088 quidem
458 2008 540 2070 locus
555 2016 601 2069 cst
637 2008 742 2069 Omnia
763 2015 824 2068 tam
840 2008 956 2068 diutino
979 2007 1057 2068 bello
1082 2008 1227 2068 exhausta
1246 2017 1314 2087 post

147 2103 265 2171 tergum
287 2102 370 2153 sunt:
397 2111 458 2153 non
480 2092 593 2154 incolas
614 2111 685 2153 suos
707 2092 811 2161 urbes,
841 2110 902 2151 non
924 2090 1054 2152 cultores
1075 2090 1187 2151 habent
1208 2098 1314 2154 terrae.

147 2176 297 2255 (loningcs
325 2194 442 2254 quoque
465 2185 495 2236 ct
521 2177 609 2237 liberi
630 2184 795 2255 sequnntur
822 2175 899 2236 hanc
922 2179 1030 2245 aciem,
1059 2185 1163 2254 parata
1183 2174 1313 2237 hostibus

96 2272 129 2321 tt
146 2260 272 2339 praeda,
301 2262 359 2319 nisi
386 2278 441 2338 pro
464 2262 624 2320 carissimis
650 2259 824 2337 pignoribus
846 2278 972 2339 corpora
993 2261 1181 2339 opponimus.
1229 2257 1312 2329 Quod

146 2359 282 2403 mearum
310 2341 367 2404 luit
393 2346 537 2420 partium,
567 2346 743 2411 exercitum,
779 2362 867 2422 quern
895 2361 991 2423 paene
1016 2346 1151 2404 inmensa
1178 2342 1313 2422 planities

146 2428 195 2485 vix
210 2434 344 2504 caperet,
368 2430 540 2503 conparavi:
565 2444 671 2504 equos,
694 2446 776 2488 arma
792 2427 942 2488 distribui:
966 2437 1150 2488 commeatus
1164 2447 1203 2489 ne
1217 2436 1313 2490 tantm

148 2508 332 2571 multitudini
353 2509 507 2577 deessent,
531 2510 659 2587 providi:
683 2509 796 2581 locum,
819 2514 850 2571 in
873 2528 932 2589 quo
945 2514 1024 2572 acies
1038 2508 1182 2590 explicari
1203 2518 1311 2592 posset

97 2600 128 2647 13
148 2592 232 2669 elegi.
270 2594 373 2655 Cetera
397 2595 427 2653 in
443 2603 538 2655 vestra
561 2602 706 2673 potestate
722 2603 805 2656 sunt:
829 2594 934 2656 audete
950 2595 1038 2656 modo
1053 2597 1173 2656 vincere
1194 2594 1313 2659 lamam·

146 2696 219 2756 que,
243 2679 473 2739 infirmissimum
489 2679 629 2739 adversus
651 2679 744 2740 lortes
758 2681 838 2740 viros
854 2680 959 2748 tolum,
983 2682 1173 2741 contemnite.
1207 2672 1353 2742 reme-tt

146 2764 218 2821 ritas
241 2770 302 2829 est,
326 2779 413 2840 qnam
437 2763 533 2823 adhuc
552 2782 607 2842 pro
628 2765 735 2824 virtute
757 2765 909 2826 timuistis:
938 2782 1013 2843 quae
1035 2763 1087 2824 ubi
1108 2765 1240 2843 primum
1262 2767 1314 2825 im-

97 2863 129 2910 14
147 2854 248 2922 petum
272 2844 391 2922 alludit,
419 2846 498 2906 velut
520 2846 663 2925 quaedam
687 2847 823 2908 animalia
847 2849 954 2907 emisso
977 2847 1095 2916 aculeo,
1125 2857 1236 2927 torpet.
1280 2849 1315 2909 Hi

147 2946 217 2988 vero
234 2930 329 3004 campi
351 2930 576 3008 deprehendere
598 2935 792 3011 paucitatem,
816 2949 904 3009 quam
920 2930 1038 2992 Ciliciae
1053 2941 1169 2992 montes
1191 2932 1314 2995 abscou-

180 3164 204 3213 7.
226 3175 343 3216 eornm
366 3184 400 3204 =
422 3162 542 3228 fortium
563 3165 706 3224 virorum,-
792 3168 831 3220 11.
851 3165 951 3219 tocies
967 3163 1251 3230 =hldgliohheit;
1269 3165 1317 3222 der

145 3234 225 3294 post
243 3234 387 3295 ternum,
400 3230 470 3283 auch
482 3228 526 3283 bei
537 3228 612 3284 Caes.
625 3229 704 3285 bisw.
758 3231 851 3286 Grund
865 3231 950 3298 lolgt;
964 3231 1119 3287 cnltores
1132 3236 1242 3296 s.4.20;
1255 3250 1319 3301 pe·

144 3313 207 3348 :a
220 3301 307 3360 terno.
322 3323 353 3331 -
389 3296 704 3361 enates=Hinser,
757 3300 1318 3368 ratopreedo,4.14.-pipno·

146 3361 216 3415 nach
234 3363 284 3416 Art
303 3361 351 3416 der
362 3312 481 3440 bichter,
503 3364 558 3417 wie
580 3363 624 3418 bei
638 3364 705 3418 Vell.
757 3364 858 3419 rihns
870 3365 924 3420 wie
937 3369 978 3430 14,
991 3370 1033 3421 22.

145 3433 171 3484 2.
181 3432 221 3483 74.
230 3458 265 3466 -
274 3431 443 3495 proximi,
454 3428 498 3484 dre
508 3431 640 3485 aunachst
650 3439 704 3486 stc·
792 3437 831 3486 13.
845 3433 969 3488 audete
982 3432 1083 3488 ebenso
1095 3432 1146 3487 mit
1158 3435 1276 3491 vincere
1294 3438 1320 3491 9.

146 3496 267 3558 henden;
282 3498 446 3551 instincti
456 3497 510 3550 wie
523 3501 546 3552 3.
559 3501 583 3553 8.
597 3502 636 3552 15.
758 3502 803 3562 12;
812 3499 942 3620 pomam
958 3523 992 3542 =
1009 3499 1056 3555 das
1077 3500 1181 3556 Gerede
1201 3518 1256 3558 von
1269 3502 1320 3558 der

180 3565 204 3616 8.
226 3565 261 3615 in
278 3564 388 3626 toeoo,
411 3563 481 3617 nach
498 3564 558 3618 Arr.
577 3565 613 3618 im
636 3564 703 3619 Cen·
755 3566 811 3634 Tap
825 3566 912 3621 erheit
924 3566 972 3622 des
986 3567 1159 3635 Gegmrs—
1172 3586 1272 3635 qnam

146 3629 340 3694 trewgas.
358 3633 428 3694 9.4;
450 3636 706 3698 contempserat
756 3635 935 3688 timuistis.
949 3633 1011 3701 Vgl.
1026 3639 1065 3689 13.
1078 3638 1103 3687 8.
1122 3662 1154 3672 -
1174 3639 1251 3702 imp.
1263 3636 1320 3715 ef·
1337 3678 1342 3685 .

145 3715 179 3734 =
196 3701 331 3759 coeperat
346 3702 419 3751 cont.
440 3723 474 3774 χ-
495 3713 615 3753 onnam
633 3698 659 3767 S.
672 3705 705 3751 14
754 3700 858 3766 fudit.
875 3699 938 3755 Fast
950 3700 1321 3758 dieselbenWortehatLrv.

145 3782 179 3802 =
192 3777 291 3814 raram
310 3767 349 3818 15.
362 3767 407 3825 20;
420 3778 476 3818 wle
488 3765 575 3820 sehon
592 3765 636 3821 bei
649 3766 704 3822 Liv.
756 3771 797 3822 38.
811 3772 850 3824 17.
864 3771 893 3829 'i;
907 3772 948 3822 23.
960 3773 1001 3823 42.
1015 3772 1039 3826 5,
1062 3769 1101 3823 Zu
1114 3767 1221 3824 denkcn
1234 3771 1318 3826 istan

179 3830 203 3880 9.
216 3833 367 3885 ceterum
383 3838 456 3886 trotz
478 3832 570 3886 seiner
586 3833 704 3888 Veraeh·
757 3834 801 3889 die
812 3834 923 3890 Rienen.

146 3901 216 3960 rung
228 3894 276 3948 des
286 3893 416 3963 Gegners.
430 3926 463 3934 —
476 3899 608 3954 dentre
620 3901 705 3954 loeo.
791 3901 1320 3968 14.deprehendere‚‘habenans

145 3983 179 4003 =
197 3962 267 4016 nach
280 3960 351 4018 linis
369 3982 394 4019 u.
412 3965 517 4029 rochis:
535 3980 670 4033 genauer:
685 3985 703 4021 α
755 3967 852 4021 Licht
869 3966 1055 4034 gebracht',
1076 3967 1170 4023 kdhne
1186 3967 1317 4025 Persoui·

146 4028 173 4082 d.
185 4028 321 4095 laevaque
333 4032 558 4088 circumstantia.
755 4032 1076 4102 fikationvoncompi.-
1088 4051 1212 4090 vanem
1221 4036 1320 4101 s.8.8;

176 4098 220 4172 Ι10.
234 4102 346 4174 oetas,
359 4114 484 4153 unsere
496 4100 582 4162 Zeit;
594 4100 705 4168 finiet
756 4116 806 4155 zur
823 4098 910 4156 Sache
928 4105 968 4157 13.
984 4107 1030 4166 31:
1049 4102 1160 4158 obteri
1176 4125 1210 4146 =
1226 4120 1317 4156 eaeo·

144 4176 200 4215 wre
210 4162 296 4240 finire
309 4162 411 4218 hetlnm
419 4164 463 4219 bei
469 4164 559 4222 Livius
572 4168 629 4223 und
639 4167 704 4223 Cae·
755 4170 923 4221 πατεῖσθαι.

146 4242 206 4303 sam
225 4226 268 4282 her
283 4227 436 4286 classiaern
455 4233 541 4287 heisst
555 4237 605 4300 fin.
617 4238 703 4302 impe·
792 4239 832 4287 15.
846 4238 1003 4299 vicimus,
1017 4252 1138 4304 genauer
1150 4239 1318 4305 vicerimus,

144 4309 219 4347 rrum
252 4293 457 4361 begrenzen,
470 4297 682 4364 abgrenzen’.
757 4302 811 4369 vgl.
831 4301 883 4359 Cic.
905 4320 967 4373 epp.
980 4308 1019 4360 10.
1038 4309 1082 4357 19:
1100 4305 1319 4372 qniAntoninm
