2752 4776
89 221 149 285 118
537 236 570 296 o.
594 234 697 284 cuum
719 236 801 283 auur

88 393 183 452 iussit.
217 391 298 451 luter
320 409 392 470 quas
414 401 479 451 erat
500 391 559 451 lilia
581 393 678 468 ipsius
692 392 813 453 Roxane
835 393 965 462 nomiae,
990 393 1100 453 eximia
1122 394 1254 471 eorporis

37 489 71 538 24
88 479 190 556 speeie
212 482 241 536 et
263 474 371 535 decore
393 474 513 536 habitus
535 477 565 534 iu
589 473 724 536 barbaris
745 494 823 536 raro.
868 476 950 547 Quae
972 493 1155 556 quamquam
1177 479 1253 538 inter

89 560 200 621 electas
222 567 417 637 processerat,
442 561 574 619 omnium
597 567 696 620 tamen
713 559 814 621 oeulos
835 563 984 622 convertit
1003 563 1036 622 iu
1056 577 1106 631 se,
1129 563 1256 623 maximo

90 646 171 722 regis
193 646 290 705 minus
312 646 371 703 iam
394 644 608 723 cupiditatibus
630 647 693 705 suis
715 647 891 723 imperantis
919 647 997 706 inter
1025 643 1171 722 obsequia
1197 646 1256 706 lor·

38 740 71 793 25
91 738 189 798 lunae,
213 737 315 788 eontra
339 744 426 804 quam
449 745 508 788 non
531 731 603 789 satis
626 735 710 790 cauta
732 728 895 789 mortalitas
918 737 971 790 est.
1007 728 1114 810 ltaque
1129 727 1191 800 ille,
1206 733 1256 810 qui

89 831 214 873 uxorem
236 812 338 881 Darei,
362 815 412 892 qui
435 814 508 874 duas
531 813 604 873 illias
627 813 774 891 virgines,
803 813 910 893 quibus
932 816 1029 875 forma
1051 819 1175 892 praeter
1195 814 1256 875 llo-

88 914 185 957 xanen
208 900 366 976 conparari
389 896 468 957 nulla
490 905 615 977 poterat,
639 897 718 957 haud
740 897 797 958 alio
820 900 920 958 auimo
944 916 1032 975 quam
1055 899 1252 976 pareutlsad·

89 989 236 1061 spexerat,
260 989 331 1041 tuno
353 983 384 1041 in
406 1000 538 1042 amorem
560 981 764 1059 virgunculae,
794 983 819 1041 si
840 984 943 1059 regiae
965 983 1052 1061 stirpi
1075 999 1252 1061 conparare·

88 1076 152 1137 tur,
181 1065 319 1143 ignobilis
346 1068 386 1124 ita
417 1068 526 1126 ellusus
554 1076 614 1135 est,
648 1074 680 1126 ut
702 1066 815 1126 diceret
837 1065 871 1127 ad
895 1065 1111 1127 stabiliendum
1133 1084 1253 1145 reguum

89 1152 255 1230 pertinere,
284 1150 392 1211 Persas
415 1159 444 1210 et
465 1150 641 1211 Macedones
663 1150 792 1211 conubio
814 1150 911 1227 iungi:
946 1151 1003 1211 boe
1025 1167 1088 1212 uno
1111 1152 1201 1212 modo
1226 1160 1253 1213 at

36 1244 70 1294 26
89 1236 235 1315 pudorem
263 1235 347 1294 victis
374 1242 404 1295 et
431 1233 602 1313 superbiam
631 1235 793 1296 viatoribus
821 1234 936 1295 detrahi
964 1253 1062 1314 posse.
1115 1234 1255 1298 Achillem

88 1336 216 1400 quoque,
240 1337 256 1379 a
278 1337 337 1396 quo
359 1335 454 1394 genus
476 1321 540 1398 ipse
562 1318 738 1388 deduceret,
762 1338 829 1380 eum
853 1320 966 1398 captiva
989 1321 1099 1381 coisse.
1146 1319 1191 1381 Ne
1211 1320 1253 1381 iu·

35 1412 68 1461 17
89 1406 163 1464 ferri
185 1403 269 1463 nelas
291 1401 464 1472 arbitretur,
487 1401 567 1463 illam
590 1404 771 1464 matrimonii
792 1406 859 1464 iure
876 1402 950 1464 velle
965 1406 1059 1482 iungi.
1099 1404 1255 1484 Insperato

87 1487 193 1566 gaudia
218 1486 312 1549 laetus
334 1493 418 1564 pater
439 1505 608 1548 sermonem
632 1490 696 1548 eius
717 1490 836 1566 excipit.
871 1488 908 1548 Et
928 1505 982 1549 rex
1004 1489 1034 1548 in
1056 1488 1158 1549 medio
1175 1490 1255 1569 eupl-

88 1572 187 1632 ditatis
210 1570 318 1632 ardore
340 1572 427 1631 iussit
449 1571 560 1633 adferri
582 1576 680 1651 patrio
703 1590 787 1634 more
809 1590 916 1651 panem
943 1606 978 1616 —
1007 1572 1066 1632 hoo
1089 1581 1156 1634 erat
1179 1573 1255 1653 apud

86 1655 263 1716 Macedonas
285 1657 503 1717 sanctissimum
526 1658 698 1717 coeuntium
719 1658 837 1736 pignus,
852 1690 894 1701 —
909 1674 1000 1736 quem
1016 1656 1144 1718 divisum
1159 1656 1255 1737 gladio

35 1748 69 1798 23
88 1746 213 1819 uterque
236 1739 358 1801 libabat.
403 1740 498 1801 Credo
522 1758 581 1809 eos,
605 1743 657 1819 qui
679 1742 775 1819 gentis
798 1759 897 1801 mores
919 1740 1135 1815 condiderunt,
1167 1760 1254 1821 pareo

88 1832 118 1885 et
139 1823 266 1903 parabili
288 1826 367 1885 victu
391 1824 549 1885 ostendere
571 1825 699 1886 voluisse
714 1824 904 1902 iungentibus
919 1843 1002 1903 opes,
1025 1826 1172 1904 quantulo
1189 1844 1252 1887 eou-

34 1916 68 1967 23
88 1911 161 1969 lenti
184 1927 249 1969 esse
272 1907 424 1969 deberent.
470 1909 533 1968 lioe
555 1909 643 1970 modo
665 1927 719 1970 rex
742 1910 829 1971 Asiae
851 1918 882 1969 et
895 1910 1032 1989 Europae
1053 1911 1255 1971 introductum

86 1995 165 2054 iuter
187 1990 352 2054 convivales
375 1992 461 2054 ludos
482 1995 671 2054 matrimonio
691 1993 748 2055 sibi
763 1994 905 2063 adiunxit,
929 1995 1074 2073 eoaptiva
1089 1996 1254 2072 geniturus,

37 2086 71 2136 30
88 2080 139 2157 qui
160 2076 323 2138 victoribus
344 2079 516 2157 imperaret.
560 2077 694 2139 Pudebat
716 2081 841 2149 amieos,
864 2096 955 2156 super
976 2081 1078 2138 vinum
1103 2087 1134 2140 et
1155 2077 1257 2160 epulas

84 2267 158 2326 sagt:
187 2259 351 2316 celebratur
379 2262 537 2316 convivium
566 2261 642 2326 lasa,
728 2265 769 2317 36.
786 2276 894 2328 penus
976 2258 1182 2324 deduceret.
1200 2265 1258 2319 sl.

84 2329 208 2382 omniurn
219 2327 339 2389 laetitia,
358 2330 436 2382 omni
446 2336 598 2395 apparata.
610 2356 643 2366 -
694 2331 719 2385 6.
732 2332 774 2384 23.
786 2357 819 2365 -
831 2331 944 2384 coisse
964 2351 997 2370 =
1014 2327 1099 2383 habe
1112 2329 1256 2396 Umgaug

83 2398 291 2460 interqaas.
322 2393 644 2453 Ebensomitassever-
695 2394 889 2463 gepllogeu.
927 2396 1052 2452 Gemeint
1072 2397 1110 2451 ist
1132 2396 1177 2452 die
1200 2396 1257 2452 Bri·

83 2461 194 2517 bunden
217 2465 240 2516 3.
260 2465 284 2513 8.
305 2466 342 2514 13.
377 2460 402 2517 S.
423 2462 645 2519 diadumaus.
696 2463 759 2517 seis.
798 2491 831 2499 —
874 2464 1085 2528 arbitratur,
1136 2463 1256 2519 namliob

88 2534 111 2586 1.
132 2534 175 2583 142
198 2546 248 2583 zur
271 2528 356 2584 Saelre
379 2529 433 2596 vgl.
451 2530 495 2586 die
519 2530 644 2586 ahnlielre
698 2529 851 2596 Ooeyartes.
885 2531 923 2584 Zu
944 2533 1024 2598 iunii
1049 2530 1086 2584 ist
1106 2546 1207 2587 seeum
1223 2532 1256 2597 (6.

85 2596 170 2652 Stella
183 2599 207 2649 6,
223 2601 246 2651 3.
265 2600 287 2650 6.
306 2625 340 2632 -
357 2599 484 2653 deeora
501 2598 645 2654 babitus
697 2603 721 2650 3.
741 2601 785 2661 12;
806 2601 845 2652 10.
863 2602 889 2650 3.
909 2599 950 2658 11)
970 2616 1003 2653 zu
1022 2603 1169 2665 ergauzen.

83 2688 117 2708 =
134 2664 297 2726 Australi,
318 2664 391 2720 edla
409 2664 564 2732 Haltuug.
730 2668 771 2717 2⁷.
790 2664 832 2719 Et
849 2681 922 2720 rex.
953 2666 991 2720 Et
1007 2689 1041 2708 =
1060 2663 1164 2729 solort,
1186 2667 1256 2722 abne

118 2736 159 2783 24.
188 2732 335 2796 electas,
371 2731 554 2799 ‘Junglraueu
590 2749 644 2787 von
696 2731 1256 2798 Verane,orientemid—coeun-

83 2798 273 2854 auserlasener
291 2798 452 2854 Sehbnbeit’
471 2819 493 2855 s.
511 2799 645 2865 umisa
696 2801 778 2854 tium
799 2802 928 2920 pianes
950 2823 984 2843 =
1002 2798 1118 2866 Symbol
1142 2799 1187 2855 bei
1210 2800 1256 2857 der

83 2864 212 2921 riberdie
227 2864 476 2934 Substantiviruug.
494 2897 527 2904 —
546 2868 644 2923 obse·
695 2865 928 2934 Ehesehiessung
954 2865 1067 2988 5⁰⁰ir⁶)'
1098 2895 1131 2905 -
1161 2875 1256 2924 uter-

83 2935 179 3054 ἕαία,
196 2932 473 3001 Guustbezeigungen
487 2935 541 2990 wie
553 2934 644 2990 Plane.
695 2934 800 3000 quad.
819 2935 836 2988 i.
852 2934 932 3001 jeder
974 2951 1003 2990 er
1030 2933 1074 2989 bei
1097 2934 1149 2990 der
1174 2937 1256 2991 coitio

104 2999 433 3067 eiCie.epp.10.11.3.
465 3000 643 3058 Uebersetze:
695 3000 886 3068 Batheiligten.
920 3001 1024 3057 Libora
1043 3002 1081 3056 ist
1099 3001 1257 3058 leierlieher

83 3067 221 3122 ‘inmitten
260 3066 309 3120 der
347 3067 641 3135 uberschwengliobon
694 3067 838 3124 Ausdruelr
872 3068 918 3123 lrir
950 3070 1036 3125 edere
1070 3087 1092 3124 s.
1130 3069 1202 3125 oben
1233 3074 1256 3126 b.

84 3132 271 3252 Segnunpyen’.
289 3141 453 3197 -cauta,
472 3141 641 3204 ‘gewapp-
693 3140 716 3191 3.
735 3139 776 3192 lb.

83 3206 161 3254 net’.
221 3199 641 3266 gl.10.1.40resseaandae
727 3206 768 3256 28.
800 3203 1033 3258 condiderant
1063 3226 1098 3246 ==
1130 3200 1256 3268 &droam

82 3268 178 3322 ualent
195 3271 368 3323 commutare
381 3274 515 3324 natarum
533 3276 642 3325 etraro
693 3269 748 3336 vgl.
769 3270 813 3325 die
839 3270 1007 3326 elassiseheu
1030 3270 1153 3327 Plrrasen
1180 3274 1257 3335 iura.

82 3337 231 3402 qaisquam
253 3350 336 3400 erra
358 3337 445 3391 bona
468 3351 532 3391 oua
553 3340 642 3393 satis
694 3337 770 3405 leaeo
788 3339 919 3393 condere.
955 3336 1015 3404 Vgl.
1037 3338 1170 3405 subrigens
1189 3343 1215 3395 6.
1233 3343 1257 3395 2.

82 3408 208 3459 cautus
234 3408 287 3459 est
313 3403 368 3458 und
396 3403 451 3460 Liv.
480 3407 522 3459 38.
554 3408 594 3461 25.
627 3410 643 3458 7
694 3410 821 3471 3pareo
839 3412 866 3461 et
880 3405 1009 3472 parabili
1026 3409 1102 3461 aiala
1120 3407 1177 3462 und
1196 3412 1222 3463 3.
1234 3411 1258 3464 b.

78 3489 186 3538 param
197 3480 281 3527 cauto
295 3471 436 3527 aduersas
452 3471 596 3538 fraudem.
609 3501 642 3510 -
692 3476 708 3523 2
727 3473 782 3528 leui
798 3479 826 3528 et
841 3473 967 3540 parabili
979 3474 1057 3529 calta
1068 3477 1214 3540 eorporis.
1226 3502 1258 3513 -

83 3539 641 3595 mortalitas=naturabominams.
693 3541 1029 3607 laurentibusopes.
1066 3540 1203 3596 aehnlioh
1221 3542 1258 3596 ist

81 3610 207 3662 3317.
693 3624 777 3662 unser
794 3607 951 3664 Ausdrueli:
980 3609 1077 3662 einen
1102 3606 1257 3664 ilausstand

116 3678 158 3727 25.
176 3691 273 3741 qaam
287 3677 459 3743 parentis.
488 3674 543 3728 Zur
555 3673 641 3730 Saohe
693 3675 827 3740 granden.

82 3746 265 3797 s.3.12.21.
285 3771 317 3780 —
341 3744 371 3798 si
464 3758 641 3808 conpara·
727 3746 768 3797 23.
794 3745 888 3798 inter
914 3758 1003 3797 aona.
1031 3741 1138 3797 ludos.
1183 3742 1256 3798 Gaui

83 3814 193 3871 retur,
217 3816 323 3877 potent.
350 3818 467 3878 praeter.
497 3810 551 3863 wie
575 3813 640 3864 31.
694 3808 796 3865 ebeuso
815 3811 1166 3875 a.u.6.—aaaptiva.
1197 3809 1256 3877 Vgl.

82 3879 124 3928 22.
152 3906 186 3913 —
217 3877 375 3944 effusas,
406 3878 461 3946 vgl.
492 3876 581 3945 effusi
610 3879 641 3932 in
694 3881 956 3933 10.3.11meaam
974 3879 1259 3934 matrimonioiaaai

88 3943 241 4007 Venerem,
260 3943 315 3998 Liv.
335 3950 376 3998 23.
392 3949 432 4000 23.
447 3950 476 4007 4;
494 3947 642 4010 lavinam,
694 3961 751 4000 nori
786 3945 956 4010 dediqnatas
982 3960 997 3999 o
1026 3946 1142 4010 captiva
1172 3945 1204 4011 (i.
1232 3960 1256 4001 e.

83 4009 157 4066 Cart.
180 4015 245 4068 5.1.
270 4016 364 4067 31-
386 4014 498 4080 ianae}
526 4030 557 4068 so
581 4029 641 4067 rer·
693 4012 830 4078 Roxane)
850 4013 955 4068 liberos
973 4011 1080 4068 tollere.

83 4077 193 4132 bunden
215 4079 265 4133 mit
287 4082 461 4135 matrimonii
481 4082 546 4136 iare
564 4077 582 4148 S
600 4085 641 4143 36,
727 4084 770 4134 30.
788 4095 896 4146 saper
914 4082 1027 4136 vinum
1047 4079 1145 4135 wieb.
1164 4083 1204 4134 11.
1223 4083 1255 4131 27

81 4145 131 4198 mit
153 4149 332 4202 matrimonia
358 4152 395 4201 10.
419 4153 442 4202 3.
466 4151 506 4201 11.
529 4177 562 4184 —
584 4149 642 4204 de·
693 4163 783 4215 super
817 4163 923 4204 aenam.
954 4175 987 4183 -
1017 4149 1075 4213 aar·
1108 4149 1254 4202 maxime

82 4212 187 4274 trabi,
208 4212 262 4280 vgl.
281 4214 345 4271 Sall.
365 4231 404 4271 or.
422 4214 490 4269 Phil.
514 4221 529 4267 3
552 4216 643 4281 diarii·
693 4217 805 4272 servit
817 4215 843 4270 d.
857 4215 872 4270 i.
886 4215 1000 4271 seruilis
1017 4221 1069 4270 est.
1092 4214 1139 4268 bie
1157 4214 1254 4269 Bitter·

81 4284 166 4333 tatem
184 4281 273 4343 vobis,
294 4282 338 4336 illi
354 4287 456 4338 metam
474 4283 623 4339 detrahi.
694 4283 751 4339 leit
774 4282 822 4338 der
843 4281 990 4349 Wenduug
1014 4282 1052 4337 ist
1072 4282 1150 4337 nieht
1174 4280 1254 4336 ibor·
