2752 4776
366 267 616 320 ursroumnuu
633 270 848 322 inexsunnr
859 272 910 337 w,
921 275 947 323 5.
1173 274 1233 337 107

59 436 170 498 hendi:
194 436 410 499 transeundum
433 454 499 497 esse
513 435 680 499 Alexandro
696 437 867 518 Euphraten
882 441 1054 522 Tigrimque
1071 451 1101 503 et
1116 445 1232 504 Araxen

62 530 93 582 et
115 521 290 600 Choaspen,
314 538 419 599 magua
442 519 623 582 munimenta
646 525 730 600 regni
752 526 813 584 sui:
844 525 1021 587 veniendum
1042 529 1074 586 in
1103 545 1231 607 campos,

59 605 115 666 ubi
136 607 288 684 paucitate
310 623 432 666 suorum
456 604 692 667 erubescendum
715 609 761 668 sit.
798 608 860 669 lam
881 609 1022 681 Mediam,
1044 612 1232 690 Hyrcaniam,
1251 623 1266 671 5

61 689 173 750 Bactra
196 696 225 749 et
247 688 349 760 ln'dos,
380 688 490 750 Oceani
512 688 642 760 accolaS,
671 691 790 770 quando
813 692 958 754 aditurum
984 728 1019 738 -
1045 713 1083 756 ne
1111 696 1232 774 Sogdia-

63 791 121 835 nos
154 782 184 834 et
213 773 391 834 Arachosios
423 774 575 834 nominem
608 783 781 852 ceterasque
808 786 911 854 gentes
944 777 981 838 ad
1011 779 1173 840 Caucasum
1203 788 1232 839 et

60 858 176 918 Tanain
200 859 401 937 pertinentes?
431 857 651 919 Senescendum
680 858 745 921 lore
773 867 887 921 tantum
915 869 1062 922 terrarum
1091 863 1137 923 vel
1166 864 1231 924 sine

60 941 180 1021 proelio
203 941 333 1004 obeunti.
380 942 510 1002 Severo
532 941 569 1002 ad
584 944 681 1022 ipsum
703 961 808 1005 vocare
824 944 986 1016 desineret,
1011 963 1138 1026 namque
1153 946 1264 1008 illiusss

62 1027 157 1086 exitio
185 1042 219 1087 se
248 1044 314 1088 esse
344 1031 525 1087 venturum!
569 1026 737 1087 Alexander
764 1030 814 1098 iis,
843 1030 895 1109 qui
921 1029 1034 1090 litteras
1061 1031 1264 1106 attulerant,'t

62 1109 232 1187 respondit,
256 1110 386 1171 Dareum
407 1109 465 1171 sibi
487 1109 581 1171 aliena
608 1113 782 1190 promittere
805 1120 847 1182 et,
872 1112 951 1192 quod
974 1121 1069 1175 totum
1087 1115 1228 1184 amiserit,

61 1192 140 1254 velle
161 1195 278 1271 partiri.
322 1194 389 1255 Doti
411 1193 469 1254 sibi
491 1193 555 1254 dari
576 1193 713 1274 Lydiam,
738 1195 835 1265 lonas,
858 1195 1024 1267 Aeolidem,
1048 1196 1230 1276 Hellesponti

60 1295 162 1348 oram,
185 1279 328 1340 victoriae
348 1297 420 1338 suae
442 1280 583 1356 praemia.
629 1279 723 1357 Leges
745 1288 843 1342 autem
865 1298 881 1340 a
903 1281 1063 1342 victoribus
1086 1282 1157 1351 dici,
1182 1299 1230 1342 ac·

61 1363 120 1440 cipi
143 1380 161 1422 a
183 1363 285 1423 dctis:
307 1364 338 1422 in
360 1372 430 1423 utro
453 1370 530 1423 statu
554 1361 641 1423 ambo
665 1372 777 1433 essent,
800 1365 826 1423 si
848 1363 929 1425 solus
951 1366 1116 1443 ignoraret,
1141 1383 1228 1444 quam

59 1447 193 1523 primum
216 1446 309 1507 Marte
331 1446 515 1507 decerneret.
560 1447 598 1507 Se
621 1464 752 1527 quoque,
782 1466 849 1509 cum
873 1452 1015 1510 transiret
1043 1467 1138 1518 mare,
1168 1453 1262 1508 ncn8

61 1529 195 1592 Ciliciam
218 1538 268 1591 aut
289 1529 410 1610 Lydiam
433 1564 475 1574 -
497 1532 607 1610 quippe
628 1534 703 1592 tanti
724 1530 795 1592 belli
817 1533 953 1610 exiguam
975 1533 1053 1594 hanc
1069 1551 1134 1594 esse
1149 1551 1228 1594 mer·
1317 1558 1323 1567 ·

62 1615 167 1677 cedem
197 1648 236 1661 -
266 1615 318 1675 sed
346 1613 544 1693 Persepolim,
578 1624 666 1694 caput
699 1617 784 1694 regni
817 1617 895 1686 eius,
927 1621 1034 1678 Bactra
1062 1616 1172 1678 deinde
1201 1625 1230 1677 et

60 1697 211 1760 Ecbatana
232 1696 385 1777 ultimique
408 1699 540 1760 Orientis
562 1717 645 1760 oram
666 1701 792 1779 imperio
818 1699 989 1762 destinasse.
1035 1701 1230 1781 Quocumque

10 1862 12 1867 Ι
60 1781 110 1842 ille
139 1781 246 1862 fugere
273 1785 433 1860 potuisset,
461 1783 558 1861 ipsum
580 1784 663 1864 sequi
685 1801 786 1862 posse:
816 1783 967 1847 desineret
988 1794 1103 1846 terrere
1130 1785 1229 1847 llumi-

58 1865 165 1936 nibus,
188 1884 277 1946 quem
299 1867 389 1928 sciret
410 1868 502 1928 maria
524 1869 674 1927 transisse.

20 1945 52 2012 22
147 1950 244 2029 Reges
264 1951 385 2030 quidem
408 1951 481 2011 haec
509 1952 635 2011 invicem
663 1951 851 2030 scripserant.
898 1952 956 2012 Sed
984 1953 1093 2014 Rhodii
1121 1952 1261 2015 urbemtt

58 2052 144 2096 suam
167 2043 331 2115 portusque
359 2034 507 2095 dedebant
532 2033 710 2095 Alexandro.
755 2034 807 2095 llle
835 2035 966 2097 Ciliciam
994 2036 1110 2098 Socrati
1135 2035 1227 2097 tradi-

61 2119 145 2181 derat
166 2119 282 2181 Philota
305 2120 420 2197 regioni
443 2122 521 2180 circa
545 2119 657 2197 Tyrum
678 2120 759 2179 iusso
780 2119 962 2198 praesidere.
996 2121 1126 2199 Syriam,
1151 2139 1227 2199 quae

60 2201 149 2265 Coele
181 2202 361 2284 appellatur,
401 2202 609 2264 Andromacho
642 2203 799 2264 Parmenio
829 2204 992 2265 tradiderat
1019 2204 1112 2273 bello,
1147 2204 1226 2283 quod

61 2295 230 2365 supererat,
261 2289 468 2349 interfuturus.
513 2288 576 2348 ltex
598 2287 818 2368 Hephaestione
840 2288 1004 2349 Phoenices
1026 2307 1109 2351 oram
1133 2289 1227 2350 classe
1246 2292 1278 2341 10

61 2373 248 2449 praetervehi
270 2373 349 2433 iusso
372 2372 408 2432 ad
431 2371 534 2432 urbem
558 2372 665 2432 Gazam
688 2390 755 2433 cum
779 2371 917 2433 omnibus
939 2374 1032 2452 copiis
1053 2374 1142 2437 venit.

143 2455 253 2517 lisdem
275 2456 339 2516 lere
361 2454 465 2516 diebus
487 2454 629 2517 sollemne
652 2465 716 2518 erat
737 2456 885 2518 ludicrum
907 2454 1117 2526 Isthmiorum,
1146 2456 1227 2536 quod
1247 2458 1277 2507 11

60 2548 209 2601 conventu
235 2541 325 2602 totius
354 2539 495 2600 Graeciae
529 2539 706 2602 celebratur.
756 2540 789 2600 ln
819 2559 855 2600 eo
883 2539 1008 2601 concilio
1039 2541 1160 2608 Graeci,
1194 2546 1227 2599 ut

58 2633 129 2685 suut
150 2626 332 2704 temporaria
353 2624 487 2700 ingenia,
517 2623 697 2692 decernunt,
728 2632 761 2684 ut
787 2642 825 2683 xv
851 2623 1021 2701 legarentur
1049 2622 1086 2682 ad
1113 2640 1225 2700 regern,

56 2711 111 2789 qui
140 2709 178 2770 ob
201 2726 252 2769 res
273 2726 329 2788 pro
351 2707 445 2769 salute
468 2727 501 2769 ac
522 2706 659 2770 libertate
675 2708 819 2769 Graeciae
834 2714 932 2784 gestas
948 2723 1088 2767 coronam
1104 2724 1226 2767 auream

37 2883 43 2893 ·
57 2874 113 2920 ser,
126 2857 161 2914 da
173 2858 223 2914 der
233 2859 335 2913 Araxes
349 2858 398 2913 der
411 2856 554 2913 ostlichste
567 2858 618 2913 der
669 2872 740 2911 zum
763 2854 888 2911 Reiche
911 2855 1146 2919 auserseheu’;
1171 2856 1227 2911 wie

58 2934 218 2993 genannteu
229 2924 327 2981 Phisse
339 2941 406 2980 war.
668 2924 1029 2990 destmorttsnppticin-
1035 2925 1224 2991 potuisset,

92 2997 118 3048 o.
129 2993 213 3049 Iam.
225 2990 278 3048 Iler
290 2991 451 3060 Uebergaug
463 2991 547 3047 wie3.
557 2995 615 3054 5.‘t;
668 2992 696 3045 in
710 3007 751 3046 or.
763 2997 850 3046 recta:
862 2992 999 3058 potueris.

56 3059 330 3125 3.10.t;Buetra
346 3066 378 3114 et
394 3059 501 3115 Indos
519 3058 561 3114 olt
572 3058 617 3114 bei
702 3062 727 3114 9.
739 3058 800 3114 sed
811 3057 869 3113 bez.
878 3059 937 3114 sich
947 3058 996 3113 aul
997 3059 1121 3178 guidem,
1134 3054 1165 3110 oi
1173 3055 1227 3124 pin

57 3126 347 3184 C.rerbunden.-ne
357 3129 530 3182 nominem.
542 3126 617 3181 Koh-
669 3126 798 3192 βασιλεῖς
856 3121 887 3178 ot
901 3123 938 3178 dl
948 3119 995 3179 Ῥό
1016 3143 1066 3192 tot,
1081 3126 1152 3182 doch
1165 3142 1225 3180 ver·

58 3210 110 3250 ner
126 3193 290 3262 Uebergaug
306 3194 335 3248 in
352 3194 396 3250 die
414 3211 454 3250 or.
467 3201 550 3256 recta,
562 3192 617 3262 vgl.
668 3194 748 3249 misst
770 3209 832 3248 man
855 3193 915 3249 eine
935 3191 1014 3248 Notiz
1032 3194 1086 3249 wie
1101 3195 1225 3258 interim,

57 3260 125 3317 lien.
137 3261 407 3318 Anab.1.3.14u.20.
430 3261 478 3317 llie
491 3262 617 3317 erwthu-
668 3263 758 3317 isdem
774 3261 873 3316 diebus
892 3260 959 3316 oder
976 3259 1062 3328 dergl.
1091 3261 1169 3315 Auch
1182 3259 1227 3315 die

57 3338 106 3384 ten
125 3328 227 3385 Vollter
242 3345 337 3385 waren
354 3344 397 3384 am
420 3335 617 3396 unzugang·
669 3326 817 3395 folgenden
824 3328 903 3384 Sitne
916 3328 978 3384 siud
988 3343 1056 3394 ganz
1069 3326 1226 3393 uachltssig

57 3394 229 3459 lichsten;
256 3395 436 3461 Caucjasus
457 3395 618 3452 bezeichnet
667 3395 715 3450 hin
737 3394 869 3451 eworleu.
886 3424 920 3433 —·
940 3395 1082 3455 Rhodii:
1100 3392 1226 3450 dasselbe

56 3463 107 3518 das
117 3461 395 3532 llimlultuhgebirge,
416 3463 547 3518 Tanais
564 3463 616 3518 den
668 3410 1225 3550 beiffustiuingleichemZusammenhang.

55 3530 191 3586 laxartes.
668 3558 701 3567 -
724 3529 931 3585 Socratietc.
955 3529 1034 3584 llrese
1046 3528 1124 3584 Notrz
1137 3529 1185 3585 hat
1198 3529 1225 3584 L.

91 3600 118 3653 6.
131 3600 258 3662 exitio,
271 3598 321 3653 mit
333 3613 397 3654 esse
410 3597 496 3653 sehon
506 3594 550 3652 bei
563 3595 615 3652 Cic.
668 3595 760 3652 allelu.
788 3595 932 3653 Parmenio
946 3596 998 3665 gab
1011 3596 1094 3652 sumit
1112 3597 1158 3652 das
1173 3600 1196 3651 1.
1209 3600 1226 3648 4

91 3669 118 3720 ⁷.
136 3666 220 3728 doti,
237 3663 308 3721 Einl.
323 3665 350 3730 8.
369 3669 402 3717 28
419 3664 443 3719 d.
466 3692 498 3700 —
523 3664 617 3731 leges
669 3664 809 3720 erhalteue
821 3665 885 3719 Amt
896 3662 937 3720 ah.

55 3733 137 3788 dict.
170 3733 208 3788 So
226 3748 280 3788 von
291 3731 617 3799 Friedensbedingungen
702 3736 742 3786 10.
758 3731 891 3788 Gazam.
915 3731 1003 3788 [leber
1015 3731 1131 3797 denZug
1143 3730 1225 3786 dahin

56 3801 147 3856 sehon
159 3799 218 3854 Liv.
230 3802 272 3855 38.
284 3804 325 3855 37.
339 3803 362 3855 5.
373 3827 407 3839 -
420 3799 527 3863 umbo,
541 3799 617 3854 nicht
668 3816 689 3854 s.
701 3801 762 3854 Arr.
775 3803 800 3854 2.
814 3804 855 3856 26.

56 3874 188 3935 uterque,
201 3866 235 3921 da
248 3865 461 3934 dieGestaltuug
473 3866 522 3921 der
531 3866 616 3932 hingo
702 3871 742 3922 11.
753 3866 1048 3933 iisdemfldiebus.
1058 3861 1225 3941 nichtbuch·

56 3933 139 3990 beide
160 3933 287 4001 zugleich
309 3936 401 3999 (weun
422 3933 492 3988 auch
509 3935 537 3987 in
555 3949 615 3989 ver·
668 3933 785 3989 stibliclr
809 3950 843 3987 zu
864 3932 990 4009 nehmen.
1026 3931 1077 3985 llas
1098 3929 1158 3984 lud
1164 3945 1225 3984 ter.

58 4001 223 4058 sclriedeuer
235 4001 338 4065 Weise)
352 3999 468 4055 berdhrt
481 4000 565 4056 hatte.
667 4000 893 4056 Isthmiorum
912 3996 978 4060 (Lm.
996 4001 1037 4052 33.
1054 3999 1096 4052 32.
1114 3995 1139 4061 1)
1161 3995 1225 4051 land

91 4072 117 4124 8.
151 4066 538 4136 nequehez.sichaulden
570 4084 616 4123 an·
667 4062 1115 4123 allettuhreimSommerstatt.
1133 4064 1225 4120 cele-

59 4152 110 4192 zeu
123 4087 203 4192 Sata:
222 4136 322 4192 ‘auch
342 4133 425 4189 habe
442 4141 501 4200 er’,
512 4153 535 4191 s.
547 4083 616 4191 {inl
668 4135 793 4189 hratnr
804 4129 964 4210 ist-cigenti.
977 4147 1012 4187 zu
1023 4130 1124 4195 lassen,
1137 4131 1226 4211 dadis

59 4203 85 4268 8.
98 4206 131 4256 51
145 4219 169 4260 e.
192 4202 266 4259 lloch
278 4204 315 4258 ist
327 4217 434 4270 quoque
443 4203 505 4258 hier
517 4202 618 4259 beson—
688 4199 771 4255 riech.
788 4197 987 4254 Nationalleste
1010 4201 1083 4255 noch
1101 4216 1151 4255 zur
1168 4199 1227 4254 Zert

60 4269 125 4326 ders
136 4271 208 4326 hart.
232 4269 377 4327 Vielleicht
388 4269 497 4326 schrieh
514 4269 542 4326 C.
556 4272 617 4349 gni·
669 4217 717 4323 {es
735 4265 1084 4348 Sclrriftstellers,geleiert
1100 4266 1225 4322 wurdon.

58 4337 133 4394 dem.
148 4365 183 4376 -
206 4339 280 4406 imp.
297 4338 512 4403 destinasse,
529 4339 617 4394 ‘sich
669 4363 702 4373 -
716 4342 935 4402 temporaria
951 4338 1109 4402 encenia,
1133 4341 1227 4390 ‘wet-
