2752 4776
322 237 564 286 HISTORIARUM
587 237 793 286 ALEXANDRI
815 238 910 301 vnn,
937 236 975 285 10.

1172 214 1230 288 191

64 400 178 453 terant:
202 401 355 454 manentes
371 392 476 462 lames,
500 411 673 473 progressos
688 393 786 454 acrior
800 394 967 474 pestilentia
983 393 1117 474 urgebat.
1155 395 1232 474 Ergo
1253 413 1283 461 14

64 477 152 537 strati
175 486 259 538 erant
282 479 378 557 campi
401 494 496 554 paene
518 476 652 558 pluribus
674 479 823 540 semivivis
846 497 933 558 quam
950 478 1153 541 cadaveribus.
1190 481 1232 542 11

63 579 101 622 ne
126 559 220 623 levius
243 561 361 641 quidem
384 563 466 639 aegri
489 564 573 642 sequi
595 570 747 642 poteraut:
774 565 884 644 quippe
907 580 1012 644 agmen
1034 567 1141 643 raptim
1164 582 1232 644 age·

63 645 153 707 batur
176 653 289 707 tantum
311 647 434 725 siugulis
456 646 492 708 ad
516 664 598 726 spem
620 646 723 708 salutis
751 648 831 727 ipsos
858 648 1005 727 prolicere
1031 648 1230 722 credentibus,

63 737 209 810 quantum
237 731 354 792 itineris
387 731 555 792 festinando
590 733 805 812 praeciperent.
851 732 945 811 Igitur
972 734 1022 812 qui
1060 732 1232 795 deiecerant
1250 748 1283 800 11

62 824 152 877 notos
167 817 361 894 ignotosque,
384 823 417 877 ut
431 814 652 886 adlevarcntur,
676 814 815 879 orabant:
839 817 890 878 sed
912 834 969 877 nec
991 820 1122 878 iumenta
1138 827 1230 889 erant,

63 896 174 980 quibus
196 901 294 979 excipi
316 908 451 981 possent,
480 909 510 961 et
536 900 623 962 miles
645 903 693 962 rix
721 919 802 962 arma
829 900 967 980 portabat
992 902 1231 981 imminentisque

63 993 94 1046 et
122 985 196 1063 ipsis
227 985 318 1045 iacies
346 986 416 1045 mali
439 992 507 1046 ante
528 985 631 1047 oculos
654 993 726 1047 erat.
772 986 851 1064 Ergo
884 987 1001 1064 saepius
1033 989 1162 1048 revocati
1193 1005 1231 1048 ne

60 1070 216 1146 respicere
232 1069 350 1147 quidem
368 1088 437 1131 suos
449 1068 633 1131 sustinebant
653 1070 857 1130 misericordia
878 1072 908 1130 in
931 1070 1120 1132 formidinem
1135 1090 1229 1133 versa.

63 1152 110 1214 llli
149 1152 247 1214 relicti
275 1153 347 1215 deos
379 1162 470 1216 testes
503 1161 532 1215 et
565 1173 649 1217 sacra
677 1157 844 1215 communia
876 1156 1014 1235 regisque
1045 1153 1232 1234 inplorabant
1250 1169 1281 1219 16

63 1255 170 1316 opem:
200 1256 327 1316 cumque
354 1239 465 1301 lrustra
488 1239 592 1300 surdas
614 1257 702 1302 aures
729 1239 903 1316 fatigarent,
933 1241 964 1300 in
989 1238 1103 1300 rabiem
1126 1241 1230 1320 despe-

64 1323 183 1383 ratione
205 1341 289 1384 versa
310 1339 411 1401 parem
440 1340 495 1384 suo
523 1327 634 1386 exitum
663 1324 834 1402 similesque
861 1327 937 1403 ipsis
964 1326 1074 1385 amicos
1103 1333 1132 1385 et
1159 1341 1229 1385 corr·

13 1399 52 1465 41
65 1405 239 1468 tubernales
260 1406 470 1487 precabantur.
514 1408 576 1469 Rex
598 1406 700 1470 dolore
721 1409 808 1470 simul
830 1427 865 1469 ac
887 1409 1000 1489 pudore
1022 1410 1139 1479 anxius,
1163 1410 1230 1490 quia
1250 1423 1281 1472 17

63 1508 153 1553 causa
182 1499 281 1553 tantae
308 1490 400 1554 cladis
426 1495 490 1571 ipse
520 1500 613 1563 esset,
647 1493 683 1553 ad
709 1493 968 1573 Phrataphernen,
1001 1493 1230 1573 Parthyaeorum

62 1583 220 1655 satrapen,
243 1577 338 1646 misit,
367 1577 419 1654 qui
445 1575 564 1638 iuberet
591 1579 710 1639 camelis
738 1586 822 1640 cocta
849 1578 960 1640 cibaria
987 1577 1113 1648 adlerri,
1144 1577 1230 1640 alios·

62 1678 122 1741 que
159 1662 352 1722 finitimarum
382 1662 537 1740 regionum
566 1661 732 1741 praefectos
766 1664 910 1724 certiores
942 1664 1127 1724 necessitatis
1161 1681 1230 1724 suae

61 1746 146 1807 lecit.
190 1745 252 1806 Nec
274 1754 419 1807 cessatum
442 1754 487 1807 est
508 1744 545 1807 ab
567 1745 626 1807 his.
670 1746 771 1827 ltaque
793 1747 870 1810 lame
891 1748 1043 1809 dumtaxat
1066 1746 1231 1809 vindicatus
1250 1743 1281 1794 18
1335 1764 1339 1772 ·

62 1829 215 1890 exercitus
241 1831 361 1891 tandem
388 1832 419 1890 in
448 1829 604 1893 Cedrosiae
631 1831 705 1892 lines
731 1832 916 1911 perducitur.
961 1832 1101 1893 Omnium
1128 1850 1229 1892 rerum

62 1915 150 1994 copia
173 1911 282 1976 lertilis
304 1914 387 1993 regio
417 1922 477 1975 est:
505 1916 536 1975 in
564 1933 620 1996 qua
644 1917 747 1977 stativa
770 1915 887 1987 habuit,
916 1923 950 1977 ut
976 1925 1096 1977 vexatos
1123 1915 1231 1978 milites

62 2000 164 2081 quiete
186 1999 329 2060 firmaret.
369 1998 424 2060 Hic
439 1999 584 2061 Leonnati
607 1997 719 2060 litteras
734 2001 848 2079 accepit
862 2000 1029 2062 conflixisse
1050 2002 1146 2078 ipsum
1162 2017 1229 2060 cum
1248 1995 1279 2045 19

62 2103 122 2147 vm
145 2082 266 2145 milibus
288 2083 422 2164 peditum
445 2091 474 2144 11
494 2103 573 2147 occo
601 2082 751 2163 equitibus
773 2082 923 2145 Oritarum
947 2102 1090 2165 prospero
1113 2092 1229 2146 eventu.

61 2171 84 2229 Α
109 2167 233 2229 Cratero
256 2186 374 2248 qnoque
397 2170 519 2229 nuntius
542 2171 620 2229 venit
643 2169 754 2230 Ozinen
778 2175 807 2229 et
827 2170 1000 2249 Zariaspen,
1030 2167 1136 2230 nobilis
1157 2170 1229 2231 Per·

62 2270 127 2322 sas,
151 2252 348 2313 delectionem
372 2251 527 2314 molientes
550 2271 707 2334 oppressos
729 2271 745 2313 a
767 2271 800 2314 se
822 2255 852 2315 in
875 2254 999 2314 vinculis
1021 2272 1096 2314 esse.
1140 2253 1229 2316 Prae·
1247 2249 1281 2300 20

60 2337 161 2417 posito
183 2338 273 2414 igitur
300 2338 414 2416 regioni
437 2335 631 2418 Sibyrtio-
659 2356 786 2418 namque
808 2339 929 2407 Menon,
958 2339 1127 2418 praelectus
1155 2340 1228 2406 elus,

60 2437 161 2498 nuper
182 2422 337 2482 interierat
358 2420 463 2482 morbo
487 2423 580 2481 -in
602 2422 787 2483 Carmaniam
809 2425 874 2502 ipse
897 2424 1050 2501 processit.
1090 2418 1228 2503 Aspaste's
1246 2422 1278 2472 21

62 2511 130 2565 erat
152 2512 284 2583 satrapes
306 2507 416 2582 gentis,
446 2516 601 2585 suspectus
622 2525 672 2568 res
694 2525 804 2569 novare
825 2506 966 2578 voluisse,
996 2508 1065 2568 dum
1094 2508 1227 2569 inludia

58 2725 141 2778 ten‘;
165 2735 198 2776 zu
222 2722 410 2789 culpaverunt
430 2723 544 2780 morbos
565 2722 620 2792 vgl.

58 2793 83 2841 1.
104 2795 127 2839 1.
147 2791 178 2840 11
196 2790 308 2846 morbos
326 2792 396 2847 odor
416 2790 591 2859 culpaverat.

57 2938 79 2995 n
94 2872 353 2997 116111111ηά1
361 2877 620 2943 praeciperent.

60 2957 124 3019 ,em
167 2941 287 2998 edanlren
306 2942 361 2999 und
383 2941 527 2999 Ausdruclr
551 2944 620 2999 nach

58 3014 96 3062 ist
115 3022 150 3063 zu
167 3009 342 3077 vergleiehen
359 3013 384 3067 4.
403 3015 426 3068 1.
444 3016 468 3068 3.

94 3095 136 3149 1⁶.
160 3095 370 3160 portabat,
402 3095 619 3165 ‘schlepptet

59 3158 230 3240 starlrerais
251 3161 388 3228 pectebat.
405 3192 438 3200 —
462 3165 619 3231 clipeis,

57 3245 134 3280 κατα
147 3228 319 3284 oovcowaul
329 3228 377 3285 das
390 3229 524 3286 Collelniv
540 3232 620 3288 miles

59 3293 196 3363 benogem
218 3294 313 3362 facies
331 3298 399 3352 mali
415 3299 620 3356 11111111.

57 3391 92 3400 -
111 3364 343 3420 sustinebant.
378 3364 465 3421 Ueber
477 3366 528 3421 den
545 3365 619 3422 iulin.

59 3447 81 3486 s.
100 3429 172 3487 Einl.
190 3431 208 3497 S
225 3437 266 3486 34.

92 3517 134 3570 16.
156 3513 372 3582 fctiparenn
395 3515 450 3584 vgl.
473 3518 497 3567 8.
522 3520 563 3572 13.
587 3520 619 3568 10

57 3594 149 3638 auree
165 3581 339 3650 sotipodont,
363 3582 538 3651 desgleichen
550 3587 574 3639 9.
592 3588 617 3636 2.

56 3652 91 3701 30
108 3651 217 3706 surdas
235 3667 323 3707 cures
341 3651 434 3719 pulso.
452 3679 487 3689 -
504 3653 539 3705 in
559 3667 617 3704 ro-

56 3716 143 3836 32⁶an
232 3733 337 3776 verso
360 3720 413 3775 wie
435 3723 461 3776 4.
478 3720 502 3775 6,
526 3721 571 3781 29;
594 3723 617 3772 ⁶·

92 3872 133 3920 17.
153 3870 234 3936 quta
250 3912 298 3925 ...
317 3877 421 3934 esset,
435 3870 617 3936 Erliuterung

57 3951 90 3990 zu
107 3937 206 4003 pudor
216 3953 265 3992 aus
285 3937 333 3993 der
346 3938 425 3994 Seele
440 3937 616 4000 Alexanders,

57 4002 143 4058 daher
166 4003 215 4058 der
244 4003 417 4072 Conjunktiv.
443 4033 477 4043 -
503 4005 615 4060 Plura·

56 4070 266 4136 raplernen,
280 4087 301 4127 s.
314 4075 339 4128 6.
350 4075 375 4127 4.
389 4076 436 4135 233
453 4075 478 4128 8.
491 4077 515 4124 3.
531 4076 569 4128 17.
583 4098 615 4108 -

56 4138 206 4195 iuberet.
240 4137 300 4194 llan
317 4146 460 4195 erwartet:
479 4140 616 4196 iuberent.

91 4225 132 4278 18.
145 4223 330 4278 dumtoaeat
341 4223 379 4278 ist
390 4223 450 4279 hier
461 4245 494 4267 =
506 4224 615 4288 saltem,

56 4296 142 4348 certe.
184 4287 257 4347 Nach
294 4291 392 4347 Arrian
421 4292 453 4357 (s.
480 4290 549 4347 oben
583 4308 616 4348 zu

671 2724 751 2790 81¹)
777 2726 857 2780 berte
880 2724 923 2779 die
953 2723 1147 2791 liungersnotb
1171 2732 1229 2780 erst

671 2792 698 2846 in
725 2792 808 2856 Pura,
835 2791 883 2847 der
909 2789 1073 2860 Hauptstadt
1098 2808 1151 2847 von
1179 2791 1228 2846 Ge-

671 2859 775 2922 drosia.
803 2859 857 2914 aul.
879 2887 913 2898 —
935 2862 1048 2926 copta,
1075 2858 1152 2915 wolrl
1174 2859 1228 2917 abl.

672 2927 759 2990 instr.¹
782 2927 815 2982 da
839 2926 866 2981 C.
889 2927 936 2982 das
962 2927 1135 2995 Adjelrtivum
1166 2927 1228 2994 fer·

672 2994 809 3117 mii-”ff
835 2995 884 3050 mit
918 2995 979 3051 dem
1010 3002 1101 3062 genet.
1132 2995 1228 3064 copiae

672 3077 766 3117 verm
786 3070 822 3118 et.

705 3167 745 3218 19.
768 3163 991 3231 conflictione.
1031 3162 1092 3231 Vgl.
1116 3165 1177 3220 Arr.
1203 3166 1227 3219 7.

670 3235 694 3288 1.
716 3259 750 3269 -—
775 3230 861 3288 Ueber
887 3231 1013 3288 Craterus
1041 3248 1063 3288 s.
1085 3231 1128 3287 dle
1150 3236 1229 3287 dnm.

670 3316 705 3354 zu
722 3297 741 3367 3
758 3305 783 3354 1.
801 3326 829 3336 -
854 3298 1002 3379 Ozinen..
1033 3298 1106 3355 Nuch
1129 3299 1227 3381 brrian

670 3365 790 3555 blbllg
817 3365 952 3490 “little
979 3365 1227 3500 “ltlullrl‘tl

706 3518 772 3557 eran
793 3517 848 3557 er.-

703 3597 744 3648 20.
754 3592 919 3659 Sibyrtio.
936 3590 1028 3648 Etwas
1039 3591 1226 3655 abweichend,

669 3659 792 3716 insolem
815 3675 845 3714 er
871 3660 924 3716 den
946 3660 1105 3726 Vorglnger
1127 3658 1225 3713 audens

668 3727 876 3851 gelffineffit'qu'
885 3729 913 3850 ἓ.
924 3730 965 3783 17.
982 3755 1015 3764 -
1027 3725 1115 3783 Ueber
1127 3725 1226 3781 Menon

702 3891 744 3939 21.
761 3893 954 3953 suspectus.
988 3885 1096 3941 Ebenso
1113 3901 1136 3941 1.
1151 3883 1225 3940 infin.

667 3954 728 4010 'lac
747 3954 809 4010 hist.
834 3959 856 4010 1.
873 3958 907 4008 46
929 3960 1081 4022 suspectus
1102 3952 1225 4009 consilio

667 4023 730 4077 eius
751 4021 874 4087 sociem,-
904 4021 1043 4077 vielleicht
1064 4021 1134 4076 auch
1157 4018 1222 4075 Sall.

666 4088 728 4155 lug.
748 4092 830 4145 7111.
865 4087 901 4144 So
920 4088 1061 4144 verbindet
1079 4087 1174 4144 Cicero
1193 4089 1224 4142 io

667 4157 857 4223 suspicionem
885 4159 982 4213 venire
1004 4155 1152 4212 vereinaelt
1174 4155 1225 4210 mit

668 4226 729 4280 dem
747 4221 922 4281 1111111111-
940 4221 1088 4300 Uebrigens
1110 4225 1158 4279 liat
1180 4221 1223 4276 die

668 4292 746 4350 Notiz
773 4292 840 4348 iiber
866 4294 996 4361 Aspastes
1025 4308 1079 4347 nur
1105 4293 1224 4351 Curtius·

1218 4554 1220 4559 ,
1244 4392 1304 4496 'fl
