2752 4776
180 249 244 316 184
633 264 666 326 Q.
691 264 795 314 cunrr
816 264 896 314 nuru

146 440 241 489 anon
263 430 322 481 tam
345 419 512 482 Alexandro
540 421 663 491 intensi,
693 439 781 500 quam
803 428 884 482 metu
912 420 1059 501 supplicii.
1106 419 1225 499 Quippe
1244 419 1329 479 nocida
1364 438 1371 479 r

181 502 358 582 quibusdam
388 506 594 585 popularium,
623 507 674 586 qui
703 505 859 567 validiores
887 514 985 575 erant,
1015 520 1099 565 arma
1125 509 1327 584 spectare'cee·
1364 521 1370 538 ·

181 596 290 669 perunt
313 599 343 650 et
365 590 521 651 Bactriana
547 608 630 659 arce,
660 608 736 669 quae
764 606 834 651 casu
863 588 1068 667 neglegentius
1096 588 1247 649 adservata
1271 596 1327 657 erat,
1365 602 1368 607 ·

143 682 322 753 aoccupata
346 673 488 735 barbaros
517 692 635 754 quoque
658 676 689 734 in
717 674 889 735 societatem
910 672 1092 753 inpulerant.
1143 671 1327 733 Athenodorus
1364 686 1367 691 ·

177 766 241 818 erat
263 761 405 838 princeps
433 777 551 831 eorum,
581 760 632 838 qui
660 761 740 836 regis
764 775 881 838 quoque
903 776 1012 819 nornen
1040 757 1258 836 adsumpserat,
1282 770 1326 815 nm

179 854 238 903 tam
266 845 382 922 imperii
411 844 549 921 cupidine
582 860 671 920 quam
699 845 731 904 in
759 843 884 922 patriam
912 843 1085 903 revertendi
1113 858 1184 903 oum
1210 842 1257 909 iis,
1288 841 1326 916 qui

141 929 383 992 tauctoritatem
407 930 503 1005 ipsius
525 928 739 1006 sequebantur.
782 926 860 989 Huic
882 926 969 988 Biton
992 927 1113 1004 quidam
1128 924 1327 986 natiouieeius·

177 1011 261 1081 alem,
292 1011 345 1071 sed
368 1010 405 1071 ob
429 1010 657 1072 aemulationem
686 1012 812 1072 infestus
840 1012 1011 1089 conparavit
1038 1010 1162 1071 insidias
1183 1010 1326 1069 inritatum·

178 1114 236 1174 que
259 1095 295 1156 ad
319 1094 421 1174 epulas
442 1115 497 1175 per
520 1096 633 1155 Boxum
656 1095 804 1174 quendam
827 1095 1010 1173 Margianum
1033 1095 1064 1154 in
1080 1094 1217 1155 convivio
1230 1091 1327 1153 oceidit.

143 1202 159 1248 5
178 1180 300 1239 Postero
317 1180 366 1240 die
382 1182 521 1239 contione
536 1178 674 1240 advocata
691 1178 757 1241 Bito
773 1178 851 1239 ultro
867 1179 1038 1240 insidiatum
1053 1178 1112 1239 eibi
1126 1176 1326 1239 Athenodorum

177 1261 329 1343 plerisque
351 1270 555 1342 persuaserat:
579 1263 631 1323 sed
655 1263 721 1323 aliis
744 1274 882 1344 suspecta
899 1272 962 1325 erat
985 1263 1066 1323 lraus
1088 1262 1206 1324 Bitonis
1227 1267 1255 1323 et
1267 1276 1326 1405 'ppu-

143 1348 258 1414 elatim
291 1348 322 1405 in
355 1346 456 1425 plures
491 1350 590 1427 coepit
622 1365 745 1408 manare
776 1348 920 1426 suspicio.
971 1346 1077 1423 ltaque
1105 1347 1215 1409 Graeci
1240 1363 1266 1406 nr
1285 1346 1328 1405 ‘tet
1367 1337 1372 1353 '

178 1448 259 1490 arma
284 1433 405 1509 capiunt
427 1433 555 1491 occisuri
576 1432 729 1500 Bitonem,
757 1433 781 1491 si
804 1431 926 1492 daretur
948 1434 1080 1492 occasio:
1109 1439 1243 1492 ceterum
1262 1430 1326 1508 prin·

141 1535 156 1581 r
177 1517 258 1591 cipes
281 1532 384 1575 eorum
413 1514 488 1575 iram
517 1514 713 1576 multitudinis
740 1516 957 1592 mitigaverunt.
1002 1514 1127 1576 Praeter
1153 1532 1237 1595 spem
1262 1527 1327 1575 suam

176 1598 264 1658 Biton
287 1601 435 1676 praesenti
452 1598 585 1677 periculo
607 1606 726 1680 ereptus
749 1599 837 1679 paulo
859 1607 927 1679 post
940 1608 985 1660 est
1005 1599 1165 1660 insidiatus
1178 1596 1330 1660 auctoribus

175 1682 277 1741 salutis
293 1700 379 1741 suae:
401 1685 487 1744 cuius
503 1682 570 1743 dolo
586 1686 704 1761 cognito
722 1690 751 1743 et
764 1686 862 1763 ipsum
878 1683 1164 1762 conprehenderunt
1178 1693 1208 1744 et
1223 1683 1328 1743 Boxum

138 1765 311 1832 adeterum
344 1766 460 1826 Boxum
493 1770 630 1846 protinus
668 1766 780 1847 placuit
818 1769 964 1837 interfici,
1001 1768 1140 1829 Bitonem
1175 1768 1261 1828 etiam
1288 1776 1330 1844 pet

174 1851 339 1911 cruciatum
369 1853 479 1911 necari.
532 1852 649 1930 lantque
678 1854 797 1930 corpori
826 1859 972 1913 tormenta
1000 1852 1251 1921 admovebantur,
1276 1863 1330 1911 cum

174 1933 283 1995 milites
311 1968 353 1979 —
385 1936 530 1996 incertum
562 1936 600 1996 ob
633 1954 722 2016 quam
754 1954 873 1997 causam
902 1970 945 1980 -
972 1935 1132 2015 lymphatis
1165 1934 1276 1997 similes
1302 1931 1330 1994 ad
1368 1981 1372 2023 ἵ

139 2036 257 2085 oarma
280 2019 460 2079 discurrunt.
505 2020 637 2090 Quorum
660 2021 779 2080 fremitu
801 2021 953 2090 exaudito,
978 2023 1030 2098 qui
1052 2029 1197 2099 torquere
1213 2020 1331 2080 Bitonem
1369 2062 1372 2099 =

174 2104 247 2163 iussi
263 2110 354 2171 erant,
377 2106 513 2172 omisere,
534 2106 631 2173 veriti,
654 2122 691 2164 ne
706 2104 736 2163 id
751 2104 851 2165 iacere
866 2103 1112 2165 tumultuantium
1132 2103 1331 2165 vociferatione
1370 2137 1372 2144 ·

122 2205 156 2253 ro
174 2186 415 2264 prohiberentur.
464 2188 531 2256 ille,
565 2190 642 2249 sicut
671 2188 799 2250 nudatus
827 2197 905 2258 erat,
940 2189 1074 2266 pervenit
1106 2188 1145 2249 ad
1167 2188 1294 2250 Graecos
1310 2192 1331 2245 et

175 2270 357 2331 miserabilis
384 2272 476 2331 iacies
504 2271 649 2351 supplicio
680 2273 817 2333 destinati
840 2275 872 2333 in
901 2272 1049 2332 diversum
1078 2274 1196 2333 animos
1223 2278 1331 2351 repente

121 2373 151 2418 11
173 2356 296 2413 mutavit
319 2355 485 2434 dimittique
509 2375 575 2415 cunr
604 2358 765 2416 iusserunt.
810 2357 872 2416 lioc
894 2355 983 2416 modo
1009 2374 1107 2435 poena
1131 2355 1181 2417 bis
1205 2356 1333 2418 liberatus

171 2454 239 2496 cum
263 2441 385 2506 ceteris,
410 2442 460 2516 qui
484 2439 615 2500 colonias
637 2459 652 2500 a
674 2457 746 2517 rege
767 2439 925 2500 attributas
946 2437 1149 2519 reliquerunt,
1173 2440 1332 2501 revertitin

172 2522 309 2599 patriam.
356 2522 434 2583 llaec
458 2525 538 2585 circa
561 2524 667 2585 Bactra
691 2533 720 2583 et
742 2523 919 2602 Scytharum
942 2526 1087 2585 terminos
1109 2533 1206 2602 gesta.

121 2624 154 2670 aa
258 2605 379 2666 interim
407 2623 509 2685 regern
539 2608 665 2668 duarum
694 2610 842 2685 gentium,
873 2608 909 2668 de
933 2607 1041 2686 quihus
1063 2616 1133 2670 ante
1158 2608 1269 2669 dictum
1288 2587 1372 2685 eetldf

172 2708 191 2749 c
219 2687 309 2767 legati
341 2690 460 2754 adeunt.
511 2692 621 2751 Ounres
650 2710 740 2751 curru
772 2692 969 2763 vehebantur,
1004 2694 1111 2753 eximia
1140 2692 1333 2772 magnitudine

172 2790 349 2852 corporum,
380 2774 487 2834 decoro
510 2774 625 2835 habitu:
655 2774 751 2836 lineae
782 2784 877 2836 restes
905 2779 1020 2837 intexto
1049 2795 1124 2838 auro
1153 2792 1332 2858 purpuraque

166 2969 230 3008 rom
258 2954 331 3034 Tode
349 2955 515 3012 Alexanders
537 2957 593 3012 hin.
612 2985 646 3035 -7
666 2973 725 3024 po·
778 2975 920 3037 orauere
947 2982 981 3002 =
1008 2963 1171 3027 properari
1197 2961 1246 3017 hat
1275 2957 1332 3015 auch

162 3020 354 3142 crarta
379 3024 590 3145 ,tanea
610 3025 725 3146 trita
778 3026 881 3081 icc
1210 3114 1216 3125 -

342 3130 349 3142 ·
400 3135 405 3144 ·
811 3114 835 3163 8.
854 3116 1008 3166 ceterum
1091 3110 1331 3177 placertbesart

164 3151 354 3207 biacedoniern
404 3159 610 3222 treugcsinnten
662 3158 724 3212 Be·
777 3177 853 3231 nicht
880 3179 958 3233 mehr
984 3177 1024 3231 aas
1053 3175 1138 3242 erog,
1161 3178 1205 3233 δέ,
1241 3176 1330 3234 Vlt.

163 3217 381 3300 iehlsbaBer,
405 3222 489 3300 daber
515 3224 551 3277 ist
581 3223 630 3279 der
656 3226 724 3278 Aus-
776 3248 818 3298 26.
837 3248 1070 3301 ..incertum
1101 3194 1330 3301 ueherdiehorn

164 3284 251 3340 druch
264 3304 310 3352 qur
325 3288 477 3343 oolrdrores
489 3297 573 3344 erant
587 3290 724 3347 helremd·
777 3312 826 3367 des
843 3311 1013 3367 parenthesg
1036 3331 1058 3368 s,
1075 3311 1147 3368 Einl,
1166 3312 1186 3378 3
1204 3319 1251 3375 50;
1272 3310 1331 3367 iiber

163 3350 240 3432 lich,¹
259 3370 321 3407 man
347 3363 478 3410 erwartet
502 3357 545 3410 ein
565 3357 646 3412 Wort
669 3360 722 3414 wie
774 3379 913 3446 lymphati
931 3397 953 3435 s·
973 3383 998 3434 4·
1019 3384 1108 3435 1214
1125 3378 1265 3448 lymphati
1283 3386 1329 3434 m.

160 3421 314 3501 fideliores.
374 3422 524 3502 Jedenlalls
568 3441 627 3502 ujar
675 3425 721 3480 das
770 3448 866 3512 pedat,-
881 3453 1045 3513 coeperunt·

162 3488 722 3548 valedroresesseansrchkernGrund
810 3535 849 3585 10·
868 3533 960 3586 sicut
984 3531 1140 3587 nudatus
1165 3538 1249 3588 em·
1281 3530 1329 3585 ΜΘ,
1368 3497 1372 3607 l

164 3556 526 3690 Ζυῖἶιῖξξῃῗθδξὲὲὶιῗὲἒθ,
570 3624 597 3680 S·
616 3628 640 3679 5·
662 3630 722 3680 Η
774 3595 1000 3718 εοῖἓιὸῑθηυης
1019 3602 1058 3653 10.
1077 3602 1103 3650 4.
1121 3602 1138 3650 2
1157 3602 1234 3656 sicut
1256 3595 1330 3655 riam
1369 3616 1372 3717 p

160 3696 292 3754 spectare
320 3692 471 3756 praedam:
501 3692 557 3746 hir.
588 3698 611 3747 9.
640 3696 679 3748 10,
707 3696 723 3742 5
774 3679 808 3719 θΓ
1370 3726 1372 3740 .

161 3772 244 3809 ormo
274 3761 372 3812 cuncti
403 3764 541 3825 spectant.
588 3759 635 3814 Bei
669 3759 722 3813 den
809 3746 1327 3813 ¹1·S⁶dld0rumlermin⁰t.lltch

161 3820 314 3877 Classikern
334 3825 370 3879 ist
383 3824 426 3879 die
439 3824 548 3881 dbliche
560 3824 663 3881 Phrase
673 3840 722 3880 res
774 3812 876 3868 Dl⁰ll⁰i
889 3816 1045 3871 elielchless
1058 3816 1103 3872 dle
1115 3817 1279 3886 Fll'lchlltffl
1288 3816 1327 3871 (Μ
1369 3833 1372 3871 l

159 3896 270 3954 spector
292 3892 331 3945 oa
352 3893 554 3959 desectionem,
577 3894 616 3947 aa
638 3909 721 3947 armo
774 3879 919 3936 Vaterlana
948 3882 1038 3948 nicht,
1071 3884 1197 3941 sordem
1224 3883 1326 3940 wardon

160 3971 188 4008 u.
208 3955 262 4021 dgl.
773 3954 947 4014 unterwegs,
966 3950 1037 4006 doeh
1055 3961 1116 4008 erst
1134 3954 1206 4009 nach
1224 3951 1325 4007 Alexan·
1367 3997 1372 4026 Ι

193 4026 218 4076 4.
236 4023 350 4079 Biton.
376 4024 648 4081 iiieHdsclr.nennen
667 4027 720 4080 den
772 4011 835 4066 ‘¹0¹⁸
865 4015 935 4077 T⁰d2
969 4034 1024 4072 V⁰¹¹
1059 4018 1114 4076 (¹0¹1
1148 4018 1324 4076 ffloedffl'llm
1366 4045 1372 4093 't

160 4086 252 4142 ilann:
288 4090 380 4146 Bicon.
430 4092 482 4147 llas
514 4108 599 4159 ganzo
625 4092 719 4159 Ereig-
771 4084 1067 4149 ffliimfflessgehffless·

160 4154 218 4207 niss
236 4154 372 4212 berichtet
391 4157 417 4212 C.
435 4158 525 4214 allein.
808 4166 848 4217 12.
866 4164 1014 4224 duorum
1027 4171 1188 4290 fantium
1206 4171 1232 4227 d.
1244 4172 1270 4226 h.
1285 4166 1324 4221 dt?
1369 4224 1372 4233 .

195 4226 219 4272 5.
240 4223 333 4277 ultro
351 4224 377 4277 d.
395 4225 412 4280 i.
432 4226 504 4280 ohne
518 4226 721 4290 l'eranlassung
773 4225 909 4286 Sudracae
927 4249 955 4288 u.
974 4234 1025 4289 ilai
1039 4237 1057 4291 i.
1075 4266 1110 4275 -
1128 4240 1270 4297 eximia.
1289 4246 1322 4287 01'

74 4253 334 4488 Neinerselts,
366 4291 437 4345 ohne
463 4291 535 4346 alien
561 4292 663 4347 Grund.
686 4318 720 4329 —
773 4298 857 4359 gan'ze
875 4306 962 4354 erent
979 4318 1007 4357 u.
1026 4300 1082 4370 egl.
1103 4304 1174 4360 riher
1192 4306 1244 4361 den
1260 4302 1321 4358 sru-

78 4574 88 4605 t*
