2908 4902
298 291 553 345 HISTORIARUM
569 289 785 342 lusitanum
802 291 852 352 111,
865 293 889 346 9.
908 293 950 344 10.
1175 288 1215 354 77

26 457 176 522 rebatur:
208 459 296 524 huic
317 463 447 542 pmximi
467 461 585 525 stabant
607 462 723 524 Coenos
746 469 775 522 et
795 460 954 522 Perdiccas
976 466 1006 520 et
1026 457 1174 539 Meleager
1187 466 1217 521 et

25 541 219 608 tolomaeus
248 553 286 608 ct
306 547 462 628 Amyntas,
485 548 531 608 sui
553 549 679 628 quisquo
700 546 826 626 agminis
840 545 940 610 duces.
971 544 1005 606 ln
1020 542 1111 614 laevo,
1135 539 1249 624 quod8

25 629 39 688 i
73 647 172 690 mare
209 630 408 708 pertinebat,
442 632 583 695 Craterus
617 639 647 693 et
673 630 833 693 Parmenio
861 636 960 700 erant,
994 629 1048 691 sed
1075 629 1215 692 Craterus

25 716 225 776 armenioni
252 734 369 796 parere
389 718 495 778 iussus.
538 717 662 797 Equites
684 715 722 778 ab
744 722 873 794 utroque
893 730 986 776 cornu
1007 711 1110 775 locati:
1142 712 1213 776 dex·

25 815 88 858 um
114 799 328 862 Macedones
350 799 500 862 Thessalis
521 801 665 871 adiuncti,
689 800 806 862 herum
821 799 1031 880 Peloponnesii
1046 798 1212 860 tuebantur.

26 890 82 944 ute
107 882 202 945 hane
232 887 336 946 aciem
358 892 501 966 posuerat
522 886 708 948 funditorum
730 902 852 947 manum
880 883 1037 964 sagittariis
1066 883 1213 945 admixtis.
1233 894 1249 944 9

25 965 150 1030 taraces
177 985 316 1050 quoque
339 978 368 1031 et
390 971 547 1033 Cretenses
569 977 639 1032 ante
661 986 768 1050 agmen
790 968 887 1041 ibant,
911 975 941 1030 et
961 968 1019 1050 ipsi
1041 966 1144 1029 leniter
1166 985 1214 1030 ar·

25 1052 90 1111 rati.
142 1054 186 1114 At
218 1055 282 1123 iis,
311 1056 363 1134 qui
389 1056 546 1134 praemissi
573 1054 610 1116 ab
638 1052 735 1116 Dareo
761 1055 868 1133 iugum
895 1054 1007 1116 montis
1033 1051 1213 1123 insederant,
1235 1061 1266 1112 10

24 1137 169 1213 ,grisam
194 1139 348 1218 opposuit
368 1147 398 1200 et
424 1157 460 1199 ex
482 1139 605 1201 Graecia
634 1156 732 1216 nuper
757 1138 905 1201 advectos.
950 1137 1140 1202 Parmenioni
1162 1155 1214 1199 au·

24 1235 71 1280 ern
95 1230 336 1302 praeceperat,
366 1232 413 1294 ut,
437 1231 580 1304 quantum
599 1231 702 1303 posset
723 1240 830 1302 agmen
857 1223 894 1285 ad
916 1240 1000 1284 mare
1030 1221 1214 1292 extenderet,

24 1321 70 1380 po
105 1304 246 1385 longius
279 1306 397 1369 abesset
425 1311 503 1369 acies
530 1308 697 1379 montibus,
729 1325 805 1388 quos
835 1314 1055 1387 occupaverant
1081 1305 1211 1368 barbari.

24 1395 45 1449 rt
67 1388 117 1449 illi
142 1407 263 1471 neque
285 1390 404 1454 obstare
425 1392 614 1456 venientibus
635 1411 692 1454 nee
714 1393 872 1454 cnoumire
893 1399 1134 1474 praetergressos
1149 1392 1214 1452 ausi
1234 1385 1263 1444 11

24 1471 220 1536 auditorum
248 1478 378 1539 maxime
400 1483 523 1558 aspectu
544 1479 642 1539 territi
664 1479 875 1558 profugerant,
898 1494 996 1556 eaque
1014 1493 1066 1537 res
1087 1475 1213 1537 Alexan-

24 1555 66 1617 lro
92 1564 206 1620 tutum
235 1562 365 1638 agminis
387 1560 479 1634 latus,
503 1561 596 1642 quod,
620 1581 659 1624 ne
673 1580 803 1641 superne
822 1563 1040 1632 incesseretur,
1062 1562 1212 1629 timuerat,

24 1643 189 1704 traestitit
248 1643 323 1725 [xxx
346 1653 376 1706 et
397 1646 456 1708 duo
480 1655 661 1709 armatorum
684 1646 807 1708 ordines
828 1645 925 1718 ibant,
947 1663 1046 1726 neque
1069 1646 1148 1707 enim
1169 1643 1212 1705 la
1233 1647 1264 1696 1²

23 1725 73 1786 ius
99 1728 247 1790 extendi
269 1731 364 1790 aciem
386 1729 574 1810 patiebantur
596 1733 758 1810 angustiae.
805 1730 950 1792 Paulatim
978 1728 1087 1792 deinde
1113 1729 1213 1790 laxare

23 1827 80 1870 lese
106 1813 206 1873 sinus
231 1815 384 1874 montium
406 1821 436 1876 et
458 1817 552 1875 maius
572 1817 701 1894 spatium
718 1815 835 1894 aperire
850 1821 1024 1895 coeperant,
1048 1815 1088 1878 ita
1103 1821 1212 1875 utnon

23 1894 112 1972 aedes
137 1894 254 1956 solum
274 1896 383 2062 qrdine
404 1897 559 1968 incedere,
582 1899 634 1960 sed
657 1901 744 1960 etiam
766 1897 912 1961 lateribus
932 1897 1129 1959 circumfundi
1144 1915 1213 1978 pos·

23 1985 62 2039 set
89 1981 273 2057 equitatus.

563 2117 641 2178 Car.
664 2116 699 2180 X.
748 2086 752 2094 ”

110 2215 182 2275 lam
209 2217 247 2275 in
269 2224 444 2296 conspectu,
478 2217 532 2278 sed
558 2225 641 2279 extra
664 2217 716 2278 teli
741 2219 851 2279 iactum
880 2224 1006 2294 utraque
1034 2215 1112 2277 acies
1140 2217 1246 2284 erati

29 2315 98 2362 eum
132 2301 264 2377 priores
294 2299 404 2362 Persae
436 2301 622 2365 inconditum
656 2310 686 2363 et
717 2309 832 2363 trucem
864 2300 1012 2364 susualere
1041 2299 1212 2362 clamoren.

29 2379 181 2446 Redditur
202 2391 242 2445 et
262 2403 279 2446 a
301 2385 527 2459 Macedonibus,
555 2389 651 2450 maior
678 2388 832 2449 exereitus·
849 2403 991 2457 numero,
1019 2387 1098 2464 iugis
1125 2387 1246 2448 mon-2

33 2466 114 2529 tium
133 2471 294 2547 vastisque
316 2470 443 2536 saltibus
456 2488 665 2551 repercussus:
689 2472 800 2552 quippe
814 2488 934 2552 semper
949 2470 1139 2534 circumiecta
1159 2487 1212 2531 ne·

31 2567 115 2612 mora
130 2559 318 2633 petraeque,
341 2563 610 2637 quantamcumque
624 2573 768 2636 accepere
783 2573 902 2625 rocem,
925 2553 1121 2638 multiplicato
1140 2569 1213 2614 sono

34 2636 180 2699 reierunt.
228 2637 397 2700 Alexander
419 2648 487 2701 ante
514 2643 611 2718 prima
633 2643 718 2719 sigua
739 2640 817 2711 ihat,
843 2639 1007 2700 identidem
1030 2653 1122 2698 manu
1144 2652 1214 2696 suos
1232 2639 1248 2686 3

35 2717 192 2792 inhibens,
214 2715 269 2784 'no
296 2725 432 2802 suspensi
459 2726 557 2785 aerius
584 2724 622 2786 oh
655 2725 778 2784 nimiam
812 2723 1031 2784 festinationem
1066 2719 1213 2780 concitato

36 2865 82 2988 qia
90 2867 248 2937 folgenden
259 2870 323 2927 luni
333 2871 440 2928 Puhrer
453 2890 481 2953 u.
493 2889 602 2953 ausser·
654 2874 683 2928 ia
707 2871 810 2952 diesem
829 2869 896 2927 Sina
911 2875 987 2938 poet.
1004 2885 1032 2925 u.
1049 2865 1213 2990 nacqulass.;

39 2936 603 3088 essentialitates
653 2937 1120 3073 arelianensesratae„
1136 2949 1214 3101 teng

40 3070 605 3267 ngqqt·tutassent
654 3071 1170 3210 attentes‚irretiisse
1183 3074 1212 3134 ⁸⁹

45 3275 128 3396 tta
155 3251 466 3402 taratantara·
475 3277 603 3402 aaran
959 3311 994 3366 x·

43 3419 78 3457 tn
97 3407 275 3489 luqhtigkeit
297 3411 351 3468 den
374 3412 603 3469 macedonischen
670 3415 712 3492 ,1.
730 3411 793 3492 teli
811 3413 949 3492 ioelum.
982 3413 1112 3492 tinctas
1128 3409 1214 3466 tindet

48 3473 112 3528 nach
123 3475 200 3534 illud
215 3477 321 3548 (ttae)
334 3478 473 3548 dentiang
485 3480 601 3548 strettig.
654 3478 714 3534 sloh
725 3478 855 3535 vrerrnal
873 3478 917 3536 her
929 3478 957 3535 G.
971 3479 1033 3542 (mit
1047 3479 1098 3542 ad,
1116 3483 1213 3540 astra,

78 3543 100 3597 9.
112 3541 242 3603 leviter
251 3563 332 3602 arm,
344 3563 366 3603 s.
377 3550 405 3604 4.
418 3550 457 3602 13.
653 3547 767 3670 qrocul)
778 3547 834 3602 wie
846 3546 933 3603 mhon
945 3544 989 3602 hei
1002 3544 1108 3612 Vergil;
1121 3542 1213 3599 livius

79 3610 118 3664 10.
128 3613 187 3677 iis,
205 3616 265 3682 qut
280 3631 303 3670 s.
321 3617 346 3670 8.
358 3617 400 3670 aa.
428 3614 481 3670 lter
496 3613 603 3671 Pdhrer
675 3621 702 3669 at
713 3615 764 3670 teti
773 3615 929 3680 coniectus,
941 3615 1036 3670 iaetus
1047 3629 1075 3669 u.
1086 3614 1169 3668 totus.

49 3669 94 3727 der
104 3676 238 3744 Agrianer
249 3697 310 3737 war
321 3681 443 3746 Attalum
456 3681 497 3738 sia
510 3697 603 3738 waren
688 3685 713 3736 2
725 3681 889 3738 redditur
899 3704 933 3726 ει
945 3679 1214 3752 wird(aanrwide·

52 3735 172 3803 tarnim
187 3746 230 3804 ala
247 3747 349 3805 leichte
364 3747 459 3805 liciter
471 3765 499 3806 u.
516 3742 604 3804 uisos
655 3747 739 3818 nug)
760 3748 890 3813 erhoheu,
912 3767 944 3806 so
966 3748 1053 3806 iiters
1073 3747 1119 3804 bei
1136 3747 1163 3804 C.
1180 3777 1214 3786 -

54 3813 148 3886 tirtel.
171 3843 203 3854 —
228 3822 261 3872 et
282 3844 316 3860 -
333 3817 513 3881 aduectos,
535 3816 604 3873 viel·
655 3831 810 3880 numero.
837 3816 1050 3885 brachyloglsch
1073 3838 1107 3860 =
1130 3831 1214 3882 quam

55 3868 131 3933 luctu
146 3880 184 3937 ist
199 3882 288 3940 hiere
332 3885 381 3942 'tes
398 3883 466 3942 oder
481 3885 526 3940 ein
538 3883 603 3940 Vol·
652 3899 707 3951 pro
719 3900 847 3942 numero.
872 3883 932 3952 Vgl.
947 3887 969 3938 1.
981 3887 1011 3946 ις
1029 3884 1215 3936 10.10.14-

56 3935 295 4019 iamameausgaia
307 3950 361 4009 len.
381 3949 602 4020 igitrnaaa.
654 3965 903 4019 repercussus,
920 3957 996 4020 poet.
1016 3966 1044 4004 u.
1064 3946 1215 4004 nachclass.

85 4012 602 4085 11.uenientibus,‘denrlnrriclren-
653 4034 708 4074 von
721 4019 813 4076 Schall
825 4018 952 4083 alicha,
969 4015 1036 4072 aber
1052 4012 1143 4070 nullas
1153 4015 1213 4072 cia·

55 4069 122 4133 daa’.
143 4081 194 4141 lter
205 4100 292 4153 genae
303 4085 330 4152 8.
344 4085 429 4154 greiit
440 4085 490 4144 der
501 4085 602 4142 Erran-
653 4101 732 4142 more
748 4101 860 4154 repere.
877 4083 966 4162 achon
978 4081 1022 4138 bei
1033 4080 1135 4138 Livius.
1165 4082 1213 4140 nie

57 4136 117 4211 illi
127 4163 183 4208 vor.
653 4151 740 4208 Stella
755 4153 793 4207 ist
809 4151 893 4218 tastis
908 4148 987 4207 luent.
1010 4176 1044 4190 -
1063 4151 1213 4209 circum·

89 4213 125 4267 li.
137 4221 291 4288 ordines,
310 4221 486 4290 gewithnllclr
503 4237 557 4278 nur
569 4224 601 4274 16
651 4222 778 4284 tectae,
792 4237 812 4274 s.
827 4222 850 4274 1.
862 4223 887 4275 3.
952 4233 953 4236 ’

60 4268 255 4346 Glitierhinter
264 4289 402 4345 einander.
417 4288 600 4357 uergentes.
686 4291 712 4342 3.
723 4288 891 4353 suspensi
902 4284 958 4342 aba.
969 4309 1004 4332 ·-·-·
1015 4285 1211 4355 autgerus

62 4341 276 4412 nesteronem
285 4360 359 4413 att.
370 4385 402 4395 -
412 4356 539 4413 lusere
551 4369 601 4421 se,
653 4357 753 4412 acrius
765 4354 816 4410 mit
827 4369 905 4411 coac.
918 4356 989 4423 spir.
1006 4371 1041 4412 an
1054 4352 1212 4412 verbinden.
