2752 4776
109 236 173 300 218
560 250 593 310 o.
617 250 721 298 cunm
743 251 824 299 urm

108 411 194 482 erat,
217 426 237 468 a
262 402 413 468 Perdicca
433 402 550 483 deferri
571 423 713 468 curasse:
734 404 840 485 ibique
859 404 961 484 funeas
981 405 1133 469 inaudito
1151 406 1259 470 cutebai
1280 452 1284 459 -

109 490 246 569 caeneplo
273 488 433 552 duodecim
465 488 617 551 talentum
641 488 770 552 milibus
798 488 953 552 locavisse.
1007 487 1074 552 Per
1102 491 1257 554 universim
1286 540 1289 545 .

109 577 189 636 certe
208 573 378 653 imperium
404 573 504 654 luperi
525 592 596 635 eum
617 573 728 635 iussit:
756 576 785 635 et
810 593 850 636 ne
871 574 1027 636 memoria
1047 574 1118 637 cius
1142 576 1177 637 in
1194 590 1289 638 cca-t

109 658 172 719 eitn
205 656 395 731 ecolesmret‚
429 656 596 736 equitibus,
633 657 705 737 anis
732 655 935 738 praefuerat,
973 657 1102 721 necdum
1130 657 1286 739 praesedi?

108 741 231 817 clinem,
265 741 320 803 sed
345 738 589 819 Harleaestionis
616 739 704 803 alam
732 740 888 822 appellari
915 741 1016 804 coluit
1041 746 1085 818 et,
1120 761 1196 823 quae
1220 742 1287 806 clle'·

108 826 202 905 sipna
223 826 420 899 instituisset,
443 844 481 887 ea
501 844 566 887 non
586 825 752 887 inmutari.
796 822 965 888 Funebria
979 827 1159 889 certamina
1179 826 1256 889 ludos-

109 928 183 989 que,
212 909 319 988 petales
344 928 520 988 nurnqnam
546 908 622 971 editi
646 908 793 987 fuissent,
827 909 996 972 meditatus
1028 911 1096 972 tria
1124 911 1256 990 artificum

108 993 200 1057 utilia
215 995 326 1074 coepit:
347 993 404 1072 ani
417 1010 483 1055 non
497 992 593 1055 nirdto
608 996 683 1073 post
702 995 739 1055 in
752 993 854 1073 ipsiius
867 995 1007 1072 crepulis
1021 996 1156 1057 certasse
1172 993 1256 1073 feruu-

110 1081 171 1139 tur.
216 1075 283 1140 Nec
304 1077 400 1139 arnici
427 1079 494 1138 tarn
515 1076 612 1155 effuso
640 1075 764 1155 adfectu
785 1077 830 1140 ad
855 1077 1091 1140 conciliandam
1122 1078 1185 1141 eius
1201 1097 1256 1158 pro-

109 1163 189 1223 tiam
210 1162 344 1242 sepniter
364 1160 416 1223 usi
436 1161 577 1223 certatim
597 1180 774 1241 repperere,
791 1181 851 1240 per
872 1180 954 1239 qnae
969 1163 1125 1225 memoria
1146 1161 1256 1240 defuncti
1282 1198 1288 1233 ·.

105 1244 227 1308 clarior
248 1244 490 1323 honoratiorque
510 1244 605 1324 heret.
649 1242 757 1325 Ipitur
770 1242 944 1322 Errmmes,
967 1264 1041 1308 cnm
1060 1264 1094 1309 se
1116 1245 1152 1308 ob
1171 1244 1256 1308 sind
1286 1270 1290 1297 :

108 1332 204 1391 tatem
219 1347 290 1391 cnm
303 1325 535 1407 Hephaestione
555 1328 638 1408 repis
658 1328 909 1410 iudipnctiouem
923 1331 1118 1393 contraxisse
1131 1329 1256 1403 sensisset,
1279 1336 1289 1415 j

109 1412 218 1475 multis
239 1415 348 1474 auctor
372 1409 437 1489 fuit
455 1431 546 1491 seque
571 1415 600 1474 et
621 1432 716 1475 arma
741 1431 802 1476 sua
824 1410 1055 1493 Hephaestioni
1080 1412 1258 1477 consecrandi
1284 1410 1292 1431 ·’

103 1496 317 1576 pecuniasque
338 1494 383 1557 ad
402 1495 665 1558 cohonestandum
684 1495 784 1575 funus
805 1496 892 1578 harpe
906 1497 1044 1560 eonmlit.
1089 1496 1163 1561 Hoc
1181 1516 1258 1560 mar·

104 1579 197 1659 plnm
217 1579 335 1641 imitati
355 1582 431 1642 sunt
451 1581 557 1642 ceteri:
579 1599 672 1659 eoam
693 1599 767 1643 moa
781 1581 934 1660 processit
954 1581 1207 1645 adsentatiormm
1222 1581 1265 1643 in·

103 1663 275 1744 pudentia,
303 1665 340 1725 ut
359 1663 426 1742 repi
447 1682 589 1726 maerore
609 1668 639 1726 ct
664 1664 816 1727 dendmo
844 1664 984 1744 defuncti
1010 1665 1187 1729 insanienti
1205 1684 1260 1746 pcr-

109 1765 241 1809 snasum
262 1746 389 1810 tandem
408 1745 520 1825 fuerit,
550 1747 642 1810 deum
662 1766 725 1811 esse
746 1746 1018 1829 Hephaestionem.
1068 1747 1137 1827 Quo
1159 1749 1261 1830 ptum

109 1835 245 1910 tempore
273 1849 311 1894 ec
331 1831 495 1911 copiarum
517 1831 647 1894 ducibus
675 1830 861 1913 Apathocles
881 1831 1013 1896 Samius
1039 1834 1085 1896 ad
1112 1837 1261 1897 eatremuu

103 1914 241 1996 periculi
274 1915 372 1992 uenit,
412 1915 497 1994 qnod
526 1914 614 1978 illins
645 1915 801 1980 tumulum
831 1917 1027 1996 praeten’ens
1063 1917 1262 1981 inlacrimasse

109 2000 197 2062 uisus
218 2003 301 2062 esset.
346 1998 396 2061 Ac
423 1999 489 2061 nisi
511 1996 681 2062 Perdiccas
701 2001 830 2064 ocnauti
854 2000 917 2064 sibi
937 1999 1203 2083 Hephaestionem
1220 2000 1262 2064 od·

104 2083 254 2163 paruisse
284 2083 446 2147 ementitus
478 2103 539 2163 per
571 2083 643 2146 deos
680 2102 785 2148 omnes
820 2085 985 2164 ipsmnpue
1015 2083 1263 2166 Hephaestionem
1300 2098 1304 2201 1

111 2166 290 2248 deierasset,
318 2186 356 2230 ec
381 2167 450 2246 ipso
476 2186 509 2230 se
536 2168 724 2247 copnorisse,
753 2168 955 2250 Apathoelem
975 2188 1041 2232 non
1066 2172 1102 2233 ut
1124 2173 1264 2233 mutum
1289 2210 1304 2245 -,-

106 2255 140 2315 et
159 2270 263 2314 uanae
289 2250 466 2314 diuinitatis
492 2250 592 2314 titulis
618 2250 742 2330 frustra
762 2257 912 2316 ornatum
942 2251 1077 2333 pluisse,
1109 2251 1264 2317 omnmob
1301 2264 1304 2337 ξ

109 2335 295 2398 memoriam
311 2334 470 2414 pristinae
489 2334 667 2399 sodalitatis
687 2335 838 2400 lomimm
858 2355 924 2400 non
945 2338 1094 2418 neeesse,
1117 2338 1170 2401 cir
1188 2336 1265 2417 fortis

108 2418 198 2482 etde
223 2438 293 2499 repe
315 2419 389 2483 bene
415 2422 544 2485 meritus
569 2421 695 2503 pictatis
721 2423 758 2485 in
784 2423 922 2485 amicum
947 2440 1060 2502 praees
1085 2441 1204 2502 poenas
1227 2421 1265 2484 in·
1298 2392 1304 2497 l

110 2504 205 2570 nonio
227 2505 327 2587 capite
342 2506 547 2586 pependisset.

197 2589 339 2654 Ceteram
352 2594 389 2652 nt
403 2590 570 2670 paulisper
592 2611 613 2654 a
635 2591 719 2654 lnetn
734 2594 878 2654 auocaret
899 2591 1058 2667 animum,
1082 2591 1119 2653 in
1136 2589 1265 2655 Cossaeo-

110 2675 217 2759 rnm4)
241 2679 362 2756 pentem
383 2674 606 2754 inpeditionem
632 2676 773 2754 suscepit.
818 2673 904 2755 Inpa
926 2673 1057 2738 Mediae
1077 2676 1186 2738 uicina
1208 2672 1265 2738 Oas-

110 2761 177 2823 saei
198 2764 323 2839 tenent,
337 2777 485 2838 asperum
507 2763 535 2821 et
556 2779 628 2822 acre
646 2778 745 2839 penus
767 2763 796 2822 et
820 2759 1007 2839 praedando
1028 2759 1130 2822 oitam
1152 2759 1266 2822 tolmone

109 2843 244 2906 solitum.
288 2842 340 2907 Ab
362 2843 413 2907 his
435 2840 608 2906 Persarum
629 2861 715 2924 repes
736 2862 844 2906 annuo
867 2843 981 2906 tributo
997 2862 1112 2923 pacem
1131 2843 1267 2906 redimere

111 2932 347 3022 consueuerant,
385 2947 425 2990 ne
456 2927 492 2990 in
522 2927 660 3022 subiecta
691 2927 886 2990 decurrentes
917 2925 1067 3006 infestam
1105 2925 1268 3023 latrociniis

39 3158 42 3163 ,
110 3009 577 3187 bttbhtttdnltt
598 3008 1268 3176 bhblttthitthdttdtt

110 3179 190 3238 tiens
216 3178 316 3240 armis
345 3179 586 3257 superabantur.
636 3176 726 3240 Idem
760 3178 942 3241 muneribus
974 3180 1148 3257 quotannis
1169 3178 1268 3259 placa·

111 3258 241 3355 banmr,
264 3264 301 3357 nt
320 3262 386 3342 repi
400 3260 590 3340 Ecbatanis,
612 3262 667 3325 nbi
684 3262 803 3358 aestiua
816 3261 934 3325 solebat
954 3282 1070 3358 apere,
1084 3262 1268 3342 Bubulcum

109 3344 1001 3510 ttttttdttttbttdtttttbtbteht
1014 3345 1266 3510 bdtsilth

110 3509 200 3575 Nam
221 3513 261 3576 ab
283 3514 350 3593 ipso
371 3533 441 3594 repe
469 3518 497 3577 et
519 3511 712 3590 Ptohimaeo,
741 3514 797 3592 qni
817 3517 945 3595 partem
966 3515 1120 3578 causitus
1142 3513 1268 3585 ducebat,

106 3613 200 3675 saepe
228 3597 324 3674 caesi,
357 3601 394 3660 ut
419 3599 556 3677 captiuos
581 3616 654 3660 snos
680 3597 864 3678 reciperent,
892 3598 1065 3678 permisere
1096 3618 1128 3662 se
1160 3596 1268 3662 emtori.

108 3676 170 3742 llle
191 3680 315 3744 calidas
336 3681 427 3744 nrbes
448 3682 630 3762 opportunis
651 3681 725 3744 locis
746 3683 850 3744 extrui
863 3681 969 3758 iussit,
992 3701 1032 3744 ne
1048 3681 1180 3746 abducto
1195 3700 1268 3745 ecce·-

108 3763 173 3825 citn
202 3762 274 3842 fera
303 3783 379 3845 pens
411 3765 634 3829 oboedientiam
666 3769 797 3828 erueret.
847 3763 948 3827 Motis
975 3765 1051 3828 inde
1069 3767 1211 3842 eastris,
1241 3765 1269 3826 ut

110 3846 239 3910 militem
260 3849 450 3928 expeditione
471 3850 585 3912 recenti
603 3847 721 3928 sessum
741 3849 893 3930 reficeret,
918 3848 999 3912 lento
1021 3851 1150 3929 apmine
1171 3849 1267 3927 Baby·

108 3929 210 3994 lonem
228 3933 420 4011 procedebat.
471 3933 605 4012 lamque
625 3934 680 3996 oia
706 3933 839 4014 tripinta
862 3932 901 3996 ab
923 3931 1000 3996 urbe
1021 3933 1137 3997 stadiis
1159 3934 1266 4009 aberat,

176 4149 204 4210 4)
224 4147 458 4205 Cossaeorum.
501 4150 526 4205 S.
552 4149 622 4204 oben
644 4155 669 4205 4.
694 4154 733 4200 12.
757 4154 797 4204 10.
836 4149 925 4206 Ueber
952 4148 1005 4204 den
1027 4149 1088 4218 Zug
1112 4150 1267 4207 Alexanders

131 4228 198 4279 egen
222 4217 261 4270 sie
285 4215 334 4270 aut
354 4217 415 4271 dem
434 4216 590 4284 Riickwege
609 4233 662 4272 von
680 4215 815 4272 Ecbatana
839 4217 907 4271 nach
925 4215 1048 4282 Babylon
1071 4236 1096 4274 s.
1113 4219 1174 4274 ΑΠ’.
1192 4224 1215 4275 t.
1233 4220 1269 4273 15;

44 4226 185 4480 *llice
204 4287 243 4336 ιτ,
263 4287 319 4338 111.
417 4350 418 4354 Ἰ
