2752 4776
423 252 662 301 arsromauuu
682 253 886 302 muranum
908 255 945 302 v1
951 288 961 322 ‚
984 252 1027 301 r.·
1272 240 1294 305 3

123 409 313 471 Macedones
332 412 452 486 inpipre
472 412 657 489 resisterent,
687 413 808 471 muttum
833 413 989 486 sanquinis
1011 411 1116 484 susum
1137 418 1189 472 est.
1233 412 1296 473 Sed

119 502 283 571 postquam
305 495 465 571 Antipater
486 498 635 569 inteprum
649 495 774 556 subinde
787 512 908 556 manum
928 497 1131 558 laborantibus
1144 499 1205 557 suis
1219 499 1294 558 sub-

125 581 205 640 sidio
232 580 379 657 mittebat,
407 581 528 655 inpulsu
549 579 854 641 Lacedaemoniorum
881 583 962 641 acies
985 582 1115 654 pradum
1131 585 1294 658 paulisper

126 666 239 725 retulit.
285 664 372 736 Quod
394 666 583 738 conspicatus
605 666 678 739 Aps
707 681 774 726 cum
795 666 915 726 cointe
936 668 1036 739 repia,
1065 683 1143 742 quae
1163 683 1204 728 ea
1222 667 1292 740 sor·

128 751 247 810 tissimis
267 750 437 820 constabat,
459 766 490 808 se
512 752 543 810 in
564 751 694 810 medium
716 794 724 810 .
750 794 758 810 .
783 795 790 810 .
817 794 825 810 .

651 899 728 962 Car.
756 897 782 961 I.

96 1018 138 1080 1.
163 1066 170 1080 .
196 1067 203 1080 .
228 1037 345 1098 pugnae
368 1019 526 1081 discrimen
549 1019 660 1080 inmisit
688 1017 944 1096 obtruncatisque,
974 1021 1025 1099 qui
1052 1021 1218 1101 promptius
1245 1040 1295 1083 re·
1315 1029 1329 1077 1

127 1103 289 1173 sistebant,
325 1121 459 1181 magnam
493 1113 609 1184 partem
641 1104 769 1167 hostium
802 1102 943 1184 propulit.
999 1104 1163 1184 Coeperant
1190 1107 1329 1183 fugeret

126 1190 256 1250 victores
284 1196 326 1256 et,
357 1188 451 1250 donec
478 1188 589 1249 avidius
617 1195 775 1268 sequentes
804 1190 833 1249 in
862 1188 983 1268 planum
1011 1189 1175 1260 deduxere,
1209 1189 1296 1251 inulti

128 1272 290 1335 cadebant:
315 1272 366 1334 sed
389 1280 421 1334 ut
442 1275 572 1353 primum
594 1271 684 1348 locus,
708 1275 738 1333 in
762 1291 819 1352 quo
841 1274 927 1334 stare
940 1282 1078 1351 possent,
1101 1274 1166 1344 fuit,
1190 1277 1293 1355 aequis

126 1357 244 1418 viribus
272 1358 441 1419 dimicatum
475 1367 528 1419 est.
578 1357 660 1418 luter
689 1374 792 1418 omnes
824 1364 922 1419 tamen
958 1358 1213 1422 Lacedaemonios.
1241 1367 1329 1421 rest

127 1441 290 1512 eminebat,
314 1460 374 1503 non
390 1461 539 1504 armorum
555 1443 642 1503 modo
661 1450 690 1502 et
712 1444 848 1522 corporis
870 1444 978 1522 specie,
1002 1444 1054 1504 sed
1075 1446 1164 1505 etiam
1181 1447 1294 1522 magni·
1354 1500 1357 1505 .

126 1527 231 1588 tudine
255 1528 353 1595 animi,
377 1545 436 1606 quo
457 1546 517 1588 uuo
539 1529 617 1588 vinci
638 1544 697 1588 non
719 1530 827 1605 potuit.
867 1527 1000 1607 Undique
1023 1546 1102 1588 nunc
1118 1531 1293 1598 comminus,
1311 1535 1329 1583 4

127 1630 208 1672 nunc
232 1614 348 1673 eminus
376 1612 530 1692 petebatur
558 1611 666 1692 diuque
693 1620 774 1672 arma
798 1613 1012 1673 circumferens
1040 1612 1095 1673 alia
1119 1612 1176 1674 tela
1200 1612 1294 1693 clipeo

127 1696 313 1775 excipiebat,
338 1713 463 1777 corpore
486 1696 540 1757 alia
564 1697 686 1757 vitabat:
716 1697 811 1757 donec
832 1695 915 1757 hasta
938 1698 1048 1758 femina
1071 1698 1206 1778 perfossa
1228 1697 1294 1778 plu·

127 1784 206 1843 rimo
230 1784 376 1858 sauguine
399 1782 492 1842 effuso
524 1781 685 1841 destituere
713 1789 903 1858 pugnantem.
948 1781 1027 1860 Ergo
1050 1780 1144 1862 clipeo
1167 1801 1220 1844 suo
1244 1788 1329 1843 ema

130 1872 248 1945 ceptum
271 1867 410 1944 armigeri
432 1868 540 1946 raptim
562 1868 594 1925 iu
617 1873 713 1926 castra
733 1864 911 1940 referebant,
935 1867 1121 1927 iactationem
1137 1866 1294 1928 vulnerum
1372 1936 1375 1947 Ι

129 1949 209 2012 haud
229 1949 318 2011 facile
339 1951 525 2011 tolerantem.
571 1949 636 2011 Non
658 1958 757 2011 tamen
780 1951 906 2010 omisere
923 1949 1148 2011 Lacedaemonii
1163 1968 1293 2030 pugnam
1311 1957 1327 2006 6

132 2041 168 2105 et,
192 2042 224 2096 ut
244 2036 375 2114 primum
397 2034 453 2095 sibi
476 2053 565 2114 quam
587 2034 664 2095 hosti
687 2032 977 2113 aequioremiocum
993 2053 1099 2114 capere
1121 2044 1292 2115 potuerunt,

130 2118 259 2180 densatis
282 2119 435 2180 ordinibus
458 2120 550 2180 effuse
571 2117 712 2180 fluentem
734 2121 765 2179 in
781 2136 814 2178 se
829 2119 923 2180 aciem
940 2136 1092 2198 excepere.
1131 2119 1197 2180 Non
1213 2118 1326 2180 aliud?

130 2205 291 2265 discrimen
315 2204 518 2265 vehementius
540 2203 632 2265 luisse
653 2204 812 2264 memoriae
835 2203 987 2282 proditum
1004 2212 1057 2265 est.
1095 2205 1225 2265 Duarum
1241 2223 1294 2264 uo·

129 2288 341 2350 bilissimarum
364 2288 441 2348 bello
465 2291 595 2366 gentium
619 2289 766 2349 exercitus
788 2288 852 2368 pari
873 2287 966 2349 Marte
988 2288 1168 2368 pugnabant.
1203 2289 1329 2351 Lace-b

133 2373 277 2434 daemonii
300 2381 409 2441 vetera,
432 2371 608 2434 Macedones
630 2375 797 2452 praesentia
820 2373 929 2433 decora
951 2372 1158 2434 intuebantur:
1181 2372 1224 2434 illi
1238 2391 1293 2454 pro

130 2455 275 2527 libertate,
299 2457 330 2517 bi
346 2476 402 2537 pro
419 2456 618 2518 dominatione
640 2458 825 2537 pugnabant:
848 2457 1088 2518 Lacedaemoniis
1104 2459 1172 2532 dux,
1196 2458 1293 2519 Mace-

132 2542 258 2604 donibus
280 2541 363 2602 locus
386 2542 498 2603 deerat.
537 2543 599 2603 Diei
615 2560 732 2621 quoque
748 2545 837 2603 unius
858 2549 917 2601 tam
933 2541 1086 2621 multiplex
1104 2560 1188 2604 casus
1203 2542 1291 2613 modo
1311 2549 1327 2598 9

132 2644 226 2707 spem,
256 2627 344 2687 modo
373 2633 484 2687 metum
506 2630 662 2707 utriusque
684 2629 780 2707 partis
806 2625 946 2703 augebat,
975 2626 1055 2686 velut
1081 2626 1118 2685 de
1146 2627 1295 2695 industria

360 2862 416 2912 ΟΜ,
442 2863 456 2912 1
772 2829 796 2882 5.
814 2826 1046 2905 iactationem.
1064 2825 1188 2906 (lemtim
1200 2826 1237 2883 ist
1249 2827 1294 2883 dte

418 2903 424 2917 '
458 2904 464 2917 '
738 2893 808 2949 auch
832 2891 903 2947 belm
926 2895 1032 2960 Tragen
1052 2894 1136 2960 ‚nicht
1162 2908 1230 2961 ganz
1259 2912 1294 2951 zu

162 2967 185 3019 2.
206 2965 360 3018 uictores
382 2963 407 3018 d.
428 2963 454 3019 h.
477 2962 522 3017 die
543 2962 585 3017 bis
604 2962 686 3018 dabin
737 2960 1139 3017 vermeidendeErschdtterun
1171 2962 1295 3018 derver-

133 3030 264 3098 siegreicb
292 3029 538 3097 vorgedrungenen
564 3028 686 3085 blacedo-
736 3029 885 3085 wuudeteu
905 3027 1106 3098 Kbrpertheile.
1141 2977 1250 3085 bbeuso
1269 3035 1293 3085 7.

133 3098 196 3154 uier.
213 3127 248 3135 -
266 3101 386 3164 aequis
404 3098 547 3153 uiribus.
577 3096 684 3154 Ebenso
737 3100 760 3151 9.
780 3100 811 3149 13
830 3099 944 3152 vexatio
962 3099 1093 3164 corporis
1111 3097 1168 3152 und
1180 3095 1238 3151 Liv.
1251 3101 1293 3151 21.

133 3174 214 3220 uuten
227 3170 252 3219 7.
265 3169 290 3221 4.
302 3171 342 3220 33.
362 3163 610 3221 Gleichbedeutend
623 3165 684 3220 sind
735 3168 776 3218 48.
801 3168 816 3216 ‘t
840 3167 954 3220 rreautio
978 3165 1105 3221 uulneris
1128 3168 1160 3220 in
1182 3169 1228 3220 oio
1251 3167 1293 3220 io-

133 3231 684 3301 diePhrasenoeqquurte,aequismo-
736 3235 812 3288 etati.

132 3302 219 3357 libus·
253 3371 259 3382 ,
770 3322 794 3374 6.
811 3317 986 3386 fluentem.
1013 3317 1293 3384 Vgl.ociempooore

165 3374 191 3424 4.
225 3369 486 3437 circumferens
521 3385 618 3422 orma
651 3391 684 3410 =
735 3387 919 3451 fluctuantem
936 3389 960 3440 3ι
980 3389 1019 3439 10,
1038 3389 1062 3441 5,

133 3438 209 3491 ‘nach
220 3436 294 3491 allen
306 3436 398 3492 Seiten
411 3436 458 3491 hin
471 3434 614 3504 kimpiend
628 3435 685 3490 und

131 3503 186 3559 sich
205 3502 437 3570 vertheidigendu
458 3502 566 3558 ibnlich
584 3506 608 3557 9.
626 3506 651 3559 5.
670 3507 683 3554 1

131 3570 248 3638 clipeum
266 3573 304 3626 ad
315 3574 388 3627 ictus
406 3570 634 3638 circumferebat.
651 3599 685 3606 -

131 3653 276 3706 corpore
293 3637 504 3706 brachylogiscb
521 3637 566 3692 lin
579 3640 685 3704 emique

770 3475 794 3527 7.
818 3472 902 3537 pori
926 3468 1052 3530 Marte,
1079 3467 1155 3524 nicht
1181 3469 1292 3524 sowohl

737 3539 797 3593 ‘mit
815 3537 948 3605 gleiehem
966 3534 1232 3602 Krie'gsgliicke’
1251 3536 1291 3591 als

737 3607 797 3660 ‘mit
810 3604 935 3673 gleichen
954 3602 1177 3659 Vortbeilen’.
1204 3602 1292 3658 Eben·

130 3709 259 3774 corporis
272 3707 469 3769 declinatione,
482 3707 535 3760 wie
548 3704 575 3762 C.
587 3706 683 3761 ander·
735 3677 810 3797 {fir}
822 3677 854 3795 bl
868 3677 894 3806 ἓ
912 3686 1000 3792 ‘3⁸4ss
1016 3669 1122 3804 {bm-
1136 3671 1292 3794 Bassrlqglieh

129 3780 212 3830 warte
235 3773 369 3838 schreibt,
393 3791 415 3827 z.
433 3774 461 3828 B.
483 3777 507 3831 9.
527 3777 550 3828 7.
569 3777 610 3827 21.
645 3773 684 3828 Zu
1106 3821 1112 3833 ,
1158 3822 1191 3834 ,,

129 3843 304 3909 rergleicben
322 3843 359 3897 ist
377 3842 425 3897 der
444 3841 602 3896 techniscbs
614 3842 684 3896 bus·
769 3829 793 3879 3·
816 3826 955 3902 dssiffl'fb
978 3822 1050 3902 ³⁰⁰¹!
1070 3820 1114 3875 ¹³0¹
1136 3820 1227 3877 L¹V¹¹¹S
1250 3820 1293 3878 ⁰st

129 3909 213 3965 druck
231 3909 280 3965 der
293 3909 461 3965 Fechtkunst
478 3924 599 3975 corpore
611 3907 683 3975 effu·
736 3892 924 3949 ⁰h1¹sssse¹⁸³i²
937 3911 971 3931 =
984 3888 1047 3944 belli
1060 3891 1174 3952 demta.
1193 3889 1293 3955 81511-

128 3993 192 4043 uere
205 4000 239 4020 =
249 3995 344 4045 paruo
356 3978 487 4043 corporis
496 3977 683 4032 declinatione
735 3958 837 4014 tende
855 3955 1120 4011 Wiffeflbhitssss·

128 4044 269 4113 effuqere,
299 4044 351 4100 Cic.
379 4045 407 4099 in
434 4043 510 4099 Catil.
535 4049 558 4100 1.
582 4048 621 4100 15.
650 4073 682 4081 -
769 4047 793 4098 9.
816 4041 1141 4107 multiplcoccasus,
1165 4040 1291 4097 ziemlich

128 4113 322 4169 destituere
350 4113 404 4167 wie
431 4110 507 4167 Suet.
536 4111 627 4167 Claud.
651 4116 683 4163 30
733 4131 768 4155 =
786 4111 860 4165 uarii
877 4124 978 4169 casus,-
996 4109 1043 4164 das
1056 4109 1137 4165 Wort
1154 4125 1241 4165 casua
1253 4111 1291 4165 ist

127 4182 332 4249 incredieutem
349 4180 538 4235 destituebant
551 4180 681 4246 poplites.
735 4177 976 4245 gewissermassen
994 4176 1121 4233 collectis
1139 4177 1291 4245 gebraucht

127 4249 233 4316 Analog
245 4250 282 4304 ist
295 4254 404 4310 uentus,
416 4253 513 4303 aestus
524 4263 623 4303 narem
635 4247 683 4302 de·
735 4246 774 4301 als
781 4243 1107 4312 Gesammtbezeichnung
1119 4243 1218 4301 findis
1229 4261 1289 4303 uer-

127 4319 217 4373 stituit
234 4316 279 4372 bei
297 4315 396 4371 Livius.
736 4312 900 4369 sebicdeneu
917 4312 1112 4370 Weehseliaile
1129 4312 1177 4370 des
1195 4314 1291 4381 Tages.

1054 4415 1089 4467 1*
1299 4418 1337 4496 a
