2752 4776
114 198 157 261 80
558 211 590 269 o.
614 209 717 257 curari
739 208 820 257 ntur

66 385 98 435 rr
116 366 189 428 urbs
212 365 309 426 diruta
333 375 385 432 est,
409 374 441 423 ut
464 366 555 425 ceteri
578 364 671 426 cladis
693 367 758 425 elus
783 361 920 442 exemplo
942 364 1183 423 continerentur.
1221 360 1269 421 Me·

117 452 246 519 maceni,
276 449 368 509 valida
399 465 485 527 gens,
515 448 701 510 obsidionem
731 466 790 508 non
820 455 853 505 ut
875 447 1078 507 honestiorem
1101 444 1206 512 modo,
1230 444 1272 506 sed
1302 524 1307 529 Ι

117 536 205 596 etiam
229 544 261 594 ut
283 536 421 594 tutiorem
445 533 524 594 lerre
546 533 748 593 decreverant.
792 530 835 592 lld
861 549 989 611 quorum
1011 529 1209 609 pertinaciam
1228 530 1272 589 mi·
1307 572 1310 577 -

119 618 267 699 ligandam
291 636 342 678 rex
366 639 385 678 ι.
409 620 523 693 equites
545 619 706 696 praemisit,
729 617 781 695 qui
802 616 991 677 elementiam
1007 614 1105 693 ipsius
1126 614 1159 675 iu
1174 610 1275 673 deditos

68 721 101 770 rs
118 702 266 782 simulque
294 701 507 762 inexorabilem
538 703 668 761 animum
696 703 727 760 in
752 700 882 761 devictos
909 699 1117 760 ostenderant.
1167 694 1209 758 llli
1230 714 1275 757 nce

117 789 155 848 de
176 787 234 846 lide
256 805 312 847 nec
336 786 372 847 de
395 787 527 865 potentia
549 788 629 862 regis
652 787 730 863 ipsos
752 782 889 845 dubitare
912 782 1100 862 respondent
1115 782 1276 861 equitesque

117 873 240 933 tendere
264 879 345 931 extra
368 873 550 931 munimenta
567 869 650 929 urbis
666 868 783 929 iubent:
808 866 993 946 hospitaliter
1016 865 1130 928 deinde
1153 876 1277 945 exceptos

116 974 279 1036 gravesque
307 953 403 1034 epulis
434 964 464 1014 et
491 971 595 1015 somno
623 955 798 1030 intempesta
826 960 913 1012 uncte
940 951 1039 1012 adorti
1062 949 1275 1011 interfecerunt

71 1057 102 1106 19
120 1038 287 1102 Alexander
316 1040 391 1099 baud
421 1056 520 1106 secus,
550 1056 637 1116 quam
666 1054 718 1113 par
747 1044 818 1105 erat,
842 1045 941 1097 motus
962 1033 1073 1096 urbem
1097 1051 1208 1096 corona
1224 1033 1275 1095 cir·

118 1123 278 1192 eumdcdit
303 1124 503 1191 munitiorem,
527 1140 614 1202 quam
638 1131 670 1181 ut
691 1122 787 1199 primo
809 1122 922 1197 impetu
945 1121 1012 1196 capi
1035 1127 1154 1198 posset.
1189 1116 1277 1195 ltaque

116 1209 298 1286 Meleagrum
321 1215 349 1267 et
371 1206 542 1267 Perdiccam
565 1208 595 1265 in
619 1205 772 1266 obsidione
794 1203 943 1283 relinquit.
989 1206 1063 1280 Ipse
1082 1200 1278 1279 proficiscitur

66 1308 100 1357 2ο
118 1295 162 1355 ad
184 1295 340 1352 Craterum
363 1290 540 1371 Cyropolim.
565 1300 598 1350 ut
619 1296 687 1350 ante
710 1289 822 1351 dictum
846 1297 900 1356 est,
924 1287 1128 1349 obsidentem.
1176 1286 1277 1347 Statua·

118 1386 164 1439 rat
186 1385 283 1436 autem
300 1392 422 1454 parcere
438 1373 506 1435 urbi
521 1374 655 1435 conditae
678 1391 694 1433 a
717 1374 808 1453 Cyro:
832 1375 942 1452 quippe
963 1390 1025 1432 non
1047 1370 1142 1434 alium
1157 1372 1279 1449 gentium

119 1461 235 1521 illarum
257 1460 351 1535 magis
373 1459 535 1519 admiratus
558 1467 612 1527 est,
637 1475 723 1537 quarn
740 1459 819 1518 hunc
833 1474 935 1535 regem
950 1465 979 1518 et
994 1456 1196 1525 Samiramin,
1216 1468 1279 1533 quoa

119 1553 148 1605 et
169 1544 371 1619 magnitudine
394 1544 484 1602 animi
507 1549 535 1601 et
558 1543 690 1603 claritate
712 1560 813 1602 rerum
841 1542 930 1619 longe
953 1542 1116 1601 emicuisse
1139 1536 1278 1601 credebat.

67 1643 99 1692 21
118 1630 258 1692 Ceterum
279 1628 440 1706 pertinacia
457 1627 674 1704 oppidanorum
696 1628 770 1686 iram
786 1628 852 1686 eius
869 1625 1014 1686 accendit.
1051 1625 1160 1705 Itaque
1176 1630 1280 1703 captam

118 1712 223 1773 urbem
247 1710 337 1790 drrrpr
359 1712 452 1773 tussit.
491 1710 591 1771 Deleta
615 1729 648 1771 ea
671 1711 850 1772 Memacenis
872 1709 949 1769 haud
972 1710 1085 1770 iniuria
1103 1709 1231 1769 inlestus
1248 1702 1279 1765 nl

68 1812 101 1860 22
119 1796 298 1873 Meleagrum
323 1803 352 1855 et
373 1795 544 1856 Perdiccam
568 1794 655 1856 redit.
701 1794 759 1854 Sed
781 1812 840 1854 non
863 1793 919 1854 alia
941 1794 1015 1854 urbs
1037 1794 1147 1853 lortius
1162 1788 1278 1853 obsidio·

120 1900 188 1943 nem
212 1879 292 1940 tulit:
317 1882 426 1959 quippe
450 1890 479 1941 et
502 1878 625 1939 militum
648 1879 863 1958 promptissimi
885 1877 1024 1940 cecidere
1046 1885 1078 1938 et
1098 1879 1166 1957 ipse
1186 1870 1278 1937 rexad

117 1965 254 2028 ultimum
283 1963 448 2045 periculum
477 1965 564 2024 venit.
608 1963 741 2041 Namque
770 1964 870 2024 cervix
898 1964 962 2023 eius
990 1979 1062 2021 saxo
1090 1962 1133 2023 ita
1156 1962 1213 2043 ipta
1233 1964 1277 2027 est.

119 2059 151 2111 ut
173 2050 267 2112 oculis
295 2046 419 2127 caligine
448 2048 541 2108 oliusa
564 2047 787 2115 conlaberetur,
817 2065 854 2107 ne
876 2048 984 2107 mentis
1007 2044 1131 2125 quidem
1154 2058 1277 2123 compos:

66 2152 101 2201 ‘23
120 2137 269 2195 exercitus
297 2142 378 2194 corte
407 2129 486 2192 velut
514 2139 617 2210 erepto
647 2131 705 2211 [in]
737 2150 772 2191 eo
801 2133 954 2208 ingemuit.
1005 2130 1065 2190 Sed
1088 2130 1216 2191 invictus
1235 2124 1277 2189 ad·

119 2237 221 2279 versus
243 2237 290 2286 ea,
315 2235 389 2295 quae
412 2222 528 2277 ceteros
551 2224 680 2285 terrent,
708 2215 840 2275 nondum
863 2221 1022 2292 percurato
1044 2212 1172 2274 vulnere
1194 2212 1279 2274 acrius

119 2301 266 2363 obsidioni
295 2301 400 2360 institit
432 2299 596 2359 naturalem
631 2300 813 2361 celeritatem
842 2301 886 2359 ira
912 2301 1092 2360 concitante.
1146 2294 1278 2359 Cuniculo

119 2403 190 2462 ergo
213 2386 335 2444 sullossa
358 2386 473 2443 moenia
496 2384 600 2460 ingens
616 2384 763 2444 nudavere
778 2387 914 2462 spatium,
938 2402 992 2462 per
1008 2383 1088 2462 quod
1104 2384 1226 2462 inrupit,
1245 2380 1279 2441 tl·

119 2478 244 2549 ctorque
265 2466 369 2528 urbem
393 2467 470 2527 dirui
493 2469 585 2528 iussit.

1321 2524 1323 2549 Ι

66 2585 102 2634 24
203 2569 279 2629 Hinc
301 2569 506 2629 Menedemum
529 2588 596 2629 cum
621 2568 716 2631 tribus
746 2567 863 2628 milibus
892 2568 1023 2646 peditum
1048 2578 1079 2630 et
1101 2588 1186 2631 nnec
1207 2556 1323 2647 equi-tt!

120 2654 197 2715 tibus
219 2653 255 2714 ad
278 2650 383 2713 urbem
406 2654 581 2714 Maracanda
608 2655 696 2714 misit.
742 2653 926 2732 Spitamenes
954 2653 1109 2730 transfuga
1140 2651 1279 2733 praesldio

119 2739 313 2799 Macedonum
336 2738 405 2798 inde
429 2740 542 2797 deiecto
570 2740 664 2798 muris
692 2737 774 2797 urbis
802 2739 866 2797 eius
894 2735 1056 2796 incluserat
1079 2756 1113 2798 se
1135 2736 1215 2799 haud
1235 2754 1279 2815 op·

118 2823 234 2900 pidanis
257 2821 413 2883 consilium
436 2822 610 2882 delectionis
632 2818 876 2900 adprobantibus.
914 2821 1005 2898 Sequi
1026 2828 1128 2882 tamen
1151 2820 1279 2883 videbun·

68 2920 102 2967 25
120 2914 183 2976 tur,
212 2908 279 2984 quia
302 2906 461 2983 prohibere
492 2925 550 2966 non
573 2913 718 2983 poterant.
765 2905 887 2965 Interim
910 2902 1077 2964 Alexander
1105 2907 1141 2966 ad
1166 2905 1278 2966 Tanaim

119 3104 227 3170 aliquid
242 3104 351 3159 alicui
359 3105 480 3169 praeda,
493 3106 523 3158 in
534 3106 675 3171 praedam
760 3109 801 3156 23.
820 3105 973 3159 invictus
992 3105 1170 3162 adversus
1189 3123 1211 3162 s.
1219 3102 1280 3161 illul.

120 3171 174 3226 und
190 3171 328 3237 praedae.
727 3173 790 3237 §22
803 3178 885 3226 unter
903 3172 1106 3227 aduersus-
1125 3173 1280 3241 sussum

154 3236 404 3293 17.Memcceni.
416 3235 499 3292 Sonst
510 3237 675 3292 unbekannt.
732 3241 865 3294 moenia
888 3261 922 3281 =
944 3238 1082 3306 suffossio
1108 3240 1148 3305 (et
1166 3238 1279 3303 eversio)

119 3333 151 3342 —
175 3303 307 3371 deside
330 3302 411 3358 utml.
430 3306 460 3357 in
478 3306 595 3361 deditos.
630 3306 676 3361 liei
729 3310 877 3366 moenium,
896 3322 918 3360 s.
937 3305 1065 3361 ebendas.
1084 3304 1103 3375 §
1122 3312 1156 3360 36
1177 3312 1250 3364 inm.
1259 3310 1280 3361 2.

117 3373 256 3450 potentia,
296 3370 504 3437 Euphemismus
542 3372 587 3428 ltir
616 3388 678 3428 sae·
729 3402 762 3410 -
786 3374 972 3429 nudavere.
1009 3373 1045 3428 So
1074 3374 1194 3431 braueht
1220 3372 1281 3430 anch

120 3440 199 3501 vitiu,
219 3448 255 3493 rst
273 3455 307 3492 an
325 3440 428 3493 deuicti
445 3455 479 3494 zu
497 3439 612 3496 denhen.
729 3441 819 3496 Livius
843 3441 955 3495 nudare
976 3440 1069 3495 locum
1091 3465 1127 3486 =
1150 3443 1201 3498 der
1223 3442 1281 3497 Ver·

160 3510 199 3562 18.
230 3512 456 3585 acceptos?
483 3505 676 3564 bewirthet.
729 3508 865 3574 theidiger
888 3508 944 3562 und
964 3506 1281 3578 Vertheidigungsmlttel

121 3574 172 3628 Iler
194 3572 303 3641 Angrrll
323 3572 371 3628 aul
388 3572 432 3628 dre
450 3575 610 3630 ausserhalb
628 3575 677 3630 der
729 3573 905 3636 entbldssen,
934 3575 994 3629 dem
1018 3574 1120 3632 Feinde
1149 3576 1202 3634 lrei
1231 3592 1282 3633 ma·

122 3641 199 3695 Stadt
222 3640 380 3707 hagorndon
404 3640 507 3707 orlolgt
529 3641 573 3697 bei
592 3642 677 3697 Macht
729 3643 806 3696 cheu.

121 3707 175 3762 und
207 3709 293 3762 durch
323 3707 481 3772 Hinterlist,
512 3709 595 3763 damit
625 3709 677 3763 den
763 3711 803 3762 24.
821 3707 1062 3764 Menedemum.
1091 3712 1191 3768 hrrian
1204 3716 1284 3768 neunt

121 3773 249 3829 Stadtern
276 3776 320 3828 eiu
347 3774 457 3829 Antheil
481 3791 514 3830 an
537 3776 586 3830 der
609 3776 677 3830 That
729 3775 887 3829 ausserdem
905 3777 977 3831 noch
997 3776 1135 3834 Caranus
1153 3780 1212 3835 und
1230 3782 1285 3834 Aa·

122 3842 198 3895 nicht
216 3843 425 3908 nachgewiesen
447 3842 559 3897 werden
577 3842 677 3898 ltdnne.
727 3842 909 3897 dremnehus.
939 3873 973 3881 -
1000 3844 1137 3900 deiecto
1161 3848 1216 3902 wie
1234 3846 1286 3901 Lir.

154 3910 676 3976 19.inobsidionerelinquitwie
727 3913 769 3965 44.
791 3913 832 3963 35.
856 3914 870 3961 7
895 3925 910 3964 e
937 3916 977 3965 tot
997 3912 1126 3968 castellis
1150 3916 1287 3973 deiectos:

120 3978 143 4029 6.
156 3978 180 4029 6.
192 3980 233 4031 25.
727 3977 793 4031 inde
820 3975 897 4031 wohl
923 3999 957 4020 =
983 3995 1032 4033 aus
1059 3980 1110 4035 der
1139 3982 1216 4049 Burg
1242 3982 1289 4038 der

154 4046 195 4094 20.
220 4043 324 4098 olium
345 4046 470 4111 peritiam
489 4045 603 4099 illorum
621 4045 675 4098 wie
728 4043 814 4098 Stadt.
828 4044 964 4099 -haud
983 4048 1183 4112 oppidanis.
1203 4048 1291 4105 Hand

119 4110 194 4164 cline
225 4115 338 4166 nuntiem
361 4116 387 4166 9.
410 4116 433 4167 9.
459 4116 498 4165 13.
528 4140 561 4148 -
595 4114 675 4167 emi·
727 4109 820 4166 scharl
841 4111 939 4167 belant
962 4111 1018 4167 und
1037 4112 1135 4169 darum
1155 4116 1219 4171 dem
1238 4116 1290 4172 abl.

119 4179 236 4232 scisse
261 4177 345 4232 absol.
368 4201 401 4220 =
423 4181 605 4245 praestitisse
628 4195 672 4234 ce·
726 4177 827 4233 absin
847 4177 1292 4244 ungewohnlicherwusevor·

120 4246 202 4306 teris,
222 4252 295 4312 poet.
316 4261 342 4301 u.
360 4244 571 4301 nacbclassisch.
726 4244 880 4312 argestellt.
905 4246 1039 4301 Aehnlich
1050 4258 1208 4306 nonuuten
1219 4248 1238 4319 S
1249 4256 1292 4309 at.
