2752 4776
149 222 211 286 154
613 233 645 294 Q.
670 234 774 283 cunm
795 234 877 283 num

145 391 302 453 ridebatur
335 390 438 460 belua,
472 408 529 469 qua
558 387 737 459 vehebatur,
770 396 886 450 tantum
914 390 995 450 inter
1024 396 1143 452 ceteras
1175 392 1308 457 eminens.

96 494 130 543 14
148 484 259 553 quanto
292 474 358 536 aliis
390 478 455 552 ipse
488 472 668 552 praestabat.
705 473 809 551 ltaque
835 472 1005 536 Alexander
1037 472 1258 555 contemplatus
1284 483 1310 535 et

147 577 249 637 regem
281 567 312 619 et
343 575 450 637 agmen
485 557 643 626 ludorum,
677 557 845 626 ‘Tandem’,
878 558 990 634 inquit,
1026 560 1094 637 ‘par
1123 558 1224 621 auimo
1252 576 1309 619 meo

147 642 314 723 periculum
337 643 431 704 video.
475 643 550 704 Cum
571 640 676 702 bestiis
699 639 788 703 simul
811 652 841 702 et
863 658 930 703 cum
946 644 1076 720 egregiis
1098 643 1172 704 viris
1188 660 1239 703 rcs
1253 644 1309 703 est’.
1348 644 1352 666 '·

97 745 129 795 15
147 729 329 804 Intuensque
351 727 488 794 Coenon,
512 725 599 787 ‘Cum
622 728 699 803 ego’.
722 725 833 802 inquit,
858 723 1042 787 ‘Ptolomaeo
1062 726 1266 805 Perdiccaque
1284 733 1309 785 et
1347 749 1351 758 ·

148 811 364 890 Hephaestione
387 811 543 890 comitatus
565 811 596 869 in
621 808 736 870 laevum
763 808 894 871 hostium
923 827 1018 871 cornu
1044 810 1193 889 impetum
1219 811 1309 871 fecero

146 896 315 975 viderisque
337 914 385 956 me
406 896 436 954 in
459 893 558 955 medio
586 893 692 954 ardore
715 894 901 962 certaminis,
930 896 995 973 ipse
1017 893 1156 955 dextrum
1185 912 1265 955 more
1284 908 1309 953 et

147 979 275 1041 turbatis
297 980 380 1058 signa
402 978 490 1040 infer.
534 977 595 1047 Tu,
624 979 784 1056 Antigene,
813 984 843 1039 et
864 985 912 1046 tu,
942 978 1109 1047 Leonnato,
1138 986 1169 1038 et
1190 978 1307 1045 Teuma.

97 1081 130 1131 aa
148 1064 328 1125 invehemini
349 1066 380 1124 in
403 1062 532 1124 mediam
554 1063 647 1122 aciem
671 1070 700 1122 et
722 1061 867 1139 urgebitis
889 1059 1030 1126 lrontem.
1069 1062 1180 1125 Hastae
1203 1070 1306 1123 nostrae

147 1147 325 1227 praelongae
341 1157 371 1208 et
386 1146 497 1208 validae
512 1164 572 1206 uon
588 1144 660 1206 alias
674 1148 768 1223 magis
783 1162 872 1224 quam
893 1145 1037 1207 adversus
1053 1145 1159 1207 beluas
1173 1154 1306 1207 rectores·

146 1250 206 1312 que
230 1250 330 1293 earum
359 1232 426 1292 usui
452 1248 518 1291 esse
545 1236 702 1310 poterunt:
732 1229 891 1291 deturbate
919 1248 986 1299 eos,
1016 1231 1069 1309 qui
1095 1230 1258 1299 vehuntur,
1283 1236 1308 1289 ct

147 1316 226 1395 ipsas
249 1315 409 1376 confodite.
453 1318 569 1392 Anceps
599 1331 693 1391 genus
716 1313 819 1375 auxilii
841 1321 887 1374 est
909 1320 939 1373 et
959 1315 992 1374 in
1015 1331 1085 1376 suos
1107 1317 1211 1376 acrius
1237 1314 1307 1375 lurlt.

97 1417 130 1467 ιτ
147 1399 181 1459 ln
204 1399 319 1460 hostem
342 1400 421 1460 enim
443 1400 586 1476 imperio,
614 1399 644 1457 in
667 1415 737 1459 suos
764 1415 875 1477 pavore
903 1398 1024 1476 agitur!
1074 1398 1157 1459 llaec
1186 1397 1309 1459 elocutus

148 1485 277 1544 concitat
308 1500 417 1560 equum
450 1484 579 1560 primus:
610 1484 745 1559 iamque,
777 1489 811 1541 ut
842 1481 1023 1542 destinatum
1056 1490 1137 1551 erat,
1174 1484 1311 1545 invaserat

149 1565 269 1627 ordines
290 1567 434 1634 hostium,
459 1583 526 1627 cum
542 1566 659 1628 Coenus
682 1567 795 1643 ingenti
809 1566 837 1626 vi
858 1567 888 1626 in
911 1564 1028 1626 laevum
1049 1584 1145 1628 cornu
1159 1566 1308 1627 invehitur.

97 1665 130 1716 18
148 1648 278 1711 Phalanx
301 1667 419 1729 quoque
440 1650 566 1710 mediam
588 1648 730 1712 ludorum
753 1650 846 1711 aciem
869 1667 927 1709 una
949 1650 1063 1728 impetu
1089 1653 1240 1729 perrupit.
1278 1638 1345 1711 lttl

148 1735 259 1804 Porus,
288 1752 345 1812 qua
375 1735 504 1813 equitem
531 1733 635 1815 invehi¹
663 1742 812 1803 senserat,
842 1732 944 1794 beluas
971 1734 1019 1810 agi
1047 1735 1150 1795 iussit:
1182 1734 1235 1797 sed
1260 1740 1310 1795 lar·

148 1818 218 1879 dum
243 1829 272 1879 ct
293 1836 388 1898 paene
410 1816 552 1878 inmobile
580 1817 687 1879 animal
716 1834 860 1895 equorum
889 1815 1074 1878 velocitatem
1102 1835 1235 1898 aequare
1259 1832 1311 1877 non
1341 1844 1345 1849 ·

97 1918 130 1968 19
147 1910 273 1982 poterat.
318 1903 362 1963 Ne
383 1903 556 1980 sagittarum
585 1901 703 1979 quidem
732 1899 809 1962 ullus
837 1908 901 1961 erat
929 1900 1064 1962 barbaris
1091 1919 1183 1964 usus:
1212 1904 1310 1982 quippo

147 1986 250 2065 longas
274 1994 303 2048 et
324 2004 516 2065 praegraves,
547 1986 603 2046 nisi
626 1988 710 2064 prius
732 1987 765 2047 in
787 1993 867 2047 terra
895 1992 1063 2047 statuerent
1089 2003 1213 2061 arcum,
1242 1982 1309 2047 haud

148 2074 220 2132 satis
242 2080 310 2150 apte
333 2078 362 2131 et
384 2069 539 2131 commode
561 2070 724 2146 inponunt:
747 2078 809 2130 tum
832 2068 923 2130 humo
946 2066 1063 2130 lubrica
1078 2077 1109 2129 et
1124 2069 1163 2132 ob
1187 2069 1218 2131 id
1235 2073 1309 2149 inpe-

96 2169 130 2220 to
148 2154 248 2215 diente
270 2162 409 2216 conatum
424 2153 583 2215 molientes
598 2156 675 2214 ictus
693 2151 846 2214 celeritate
867 2153 997 2214 bostium
1014 2162 1210 2233 occupantur.
1241 2154 1310 2231 lirgo

148 2247 249 2317 spreto
271 2241 351 2315 regis
374 2240 500 2317 imperio
522 2238 664 2316 -quod
692 2238 756 2298 lere
784 2238 832 2306 lit,
860 2236 914 2297 ubi
941 2236 1068 2297 turbatis
1096 2239 1198 2300 acrius
1224 2244 1310 2299 metus

149 2338 238 2398 quam
268 2323 328 2382 dux
356 2324 504 2400 imperare
539 2324 702 2400 coepit-
723 2320 848 2382 totidem
882 2328 969 2381 erant
1001 2323 1215 2400 imperatores,
1248 2327 1310 2401 quot

94 2421 128 2470 21
149 2407 266 2483 agmina
300 2403 448 2466 errabant.
503 2404 583 2467 Alius
622 2407 746 2483 iungere
783 2406 894 2474 aciem,
934 2402 1010 2466 alius
1050 2405 1200 2475 dividere,
1240 2414 1309 2466 staro

148 2490 268 2570 quidam
292 2498 321 2550 et
342 2488 478 2550 nonnulli
505 2489 686 2551 circumvehi
714 2498 797 2565 terga
826 2487 956 2549 hostium
983 2487 1136 2551 iubebant
1183 2488 1261 2551 Nihil
1283 2489 1309 2548 in

96 2588 129 2637 22
149 2574 279 2635 medium
308 2571 526 2635 consulebatur.
581 2573 676 2634 Porus
709 2582 806 2633 tamen
842 2589 909 2633 cum
942 2573 1062 2652 paucis,
1096 2572 1207 2652 quibus
1239 2578 1308 2634 metu

175 2726 260 2779 risset
272 2722 430 2779 aulseinem
444 2723 535 2779 hohen
546 2722 628 2778 Sitze.
654 2722 707 2776 Zur
759 2720 902 2786 animal,
922 2719 1052 2776 collcltir
1069 2721 1125 2778 wie
1143 2730 1229 2779 unten
1246 2722 1308 2788 8²3·

170 2799 256 2846 onstr.
274 2791 328 2856 vgl.
346 2793 371 2843 4.
390 2796 413 2845 3.
431 2794 447 2843 8
466 2793 565 2857 oggeri
581 2789 707 2845 latitudi:
759 2787 847 2844 Ueber
859 2786 953 2843 diesen
966 2786 1109 2843 Gcbrauch
1125 2807 1147 2845 s.
1160 2790 1228 2846 Einl.
1240 2790 1257 2856 s
1268 2793 1308 2843 ta.

148 2872 211 2912 nem
229 2858 354 2913 adicere.
794 2860 834 2910 13.
857 2856 1040 2921 inponant,
1069 2854 1172 2913 ebenso
1195 2858 1249 2912 wie
1268 2856 1307 2912 das

184 2928 223 2976 15.
249 2924 415 2980 inmedio
442 2924 579 2981 ardore.
619 2923 656 2979 So
683 2927 707 2978 2.
760 2921 890 2989 lolgeude
919 2937 989 2979 occu
1010 2927 1111 2988 antur,
1149 2938 1307 2993 praeseus.

148 2993 181 3042 38
193 2993 225 3044 in
237 2992 343 3047 ardore
354 3007 476 3058 pugnae.
490 3020 523 3029 —
540 2992 579 3046 lm
591 2991 708 3057 Fulgen·
759 2989 881 3045 histor.
909 3017 941 3026 -
995 2994 1140 3046 latuerant
1167 2992 1204 3047 im
1229 2991 1307 3072 hgpo·

147 3057 201 3135 den
220 3066 352 3113 erwartet
369 3074 430 3113 man
449 3059 502 3113 den
519 3066 708 3125 sogenannten
760 3056 916 3112 thetischeu
945 3056 1164 3114 Zwischensatze
1193 3059 1230 3113 ist
1253 3064 1308 3113 rte·

374 3132 382 3158 r
579 3128 585 3139 '
685 3131 707 3156 a.
818 3124 824 3136 ¹

148 3123 504 3256 tllst³ls¹h..t²ttttt.
519 3125 708 3258 ih'llil‘sln
760 3122 1025 3273 bildnlhll⁵2⁸⁰b
1038 3125 1241 3259 hillidii}
1258 3125 1310 3259 li}

148 3255 265 3324 geiarbt.
288 3285 320 3294 -
342 3258 512 3324 Antigene
623 3258 709 3314 Tau·
760 3257 954 3323 απερείὸοιεν.
973 3287 1006 3296 -
1024 3264 1184 3315 conatum
1202 3283 1236 3304 =
1257 3262 1309 3313 An-

148 3341 222 3379 ron.
247 3323 708 3388 ArrianncnntdieselbenNamen,
761 3325 872 3387 stand,
890 3325 1026 3388 husatz,
1045 3327 1100 3382 wie
1118 3327 1209 3384 dieser
1224 3324 1310 3390 mithlg

147 3409 201 3447 nur
226 3390 358 3448 Seleucus
386 3392 430 3447 lrir
454 3391 620 3449 Leonnatus.
660 3392 708 3447 lla·
761 3408 819 3447 war
845 3408 907 3446 zum
925 3392 1064 3448 huziehen
1090 3393 1139 3449 der
1165 3394 1310 3461 machtigen

148 3459 250 3524 durch,
277 3459 339 3515 dass
366 3460 441 3515 Alex.
467 3460 520 3515 den
542 3460 600 3517 Hau
622 3467 708 3516 lstoss
760 3460 969 3526 Bogensehnen.
991 3488 1024 3497 —
1048 3461 1230 3518 molientes
1256 3462 1272 3516 i.
1290 3474 1310 3513 e.

146 3527 197 3582 aul
213 3527 265 3582 den
289 3525 455 3583 leindlichen
477 3477 707 3592 liubenqlldgel
760 3543 824 3582 cum
847 3542 935 3592 opero
963 3532 990 3582 et
1010 3527 1108 3584 labore
1127 3531 1311 3596 perficientes.

148 3593 276 3658 richtete,
292 3596 391 3650 suchte
402 3611 432 3650 er
444 3594 572 3661 iuniung
583 3596 633 3649 mit
646 3593 707 3649 dem
759 3593 819 3662 Vgl.
839 3599 863 3649 3.
883 3597 922 3645 11.
942 3596 982 3645 13.

147 3662 221 3717 noch
231 3663 333 3729 jenseit
345 3662 393 3718 des
403 3661 512 3718 Flusses
526 3660 708 3717 belindlichen
794 3665 834 3716 20.
845 3661 966 3716 acrius
976 3663 1209 3728 ...imperare
1217 3662 1311 3730 cigent-

147 3727 382 3798 l’ruppenlrdrper
404 3727 456 3797 (13.
478 3730 520 3794 20)
544 3746 578 3783 zu
602 3728 708 3808 gervin-
760 3726 1310 3794 lich:gebieterischerlielehleertheilen.

147 3810 210 3849 nen.
228 3824 262 3833 —
279 3796 316 3850 Zu
335 3801 364 3851 et
380 3801 411 3851 tu
430 3795 502 3852 beim
521 3795 635 3852 Volratrv
653 3793 707 3861 vgl.
759 3794 838 3851 Freie
864 3793 1082 3862 Uebersetzung:
1113 3813 1196 3853 avenn
1223 3796 1266 3853 die
1288 3794 1312 3849 io

146 3861 200 3917 Cic.
221 3861 277 3919 Cat.
291 3866 323 3915 'll
341 3862 437 3930 Scipio
455 3869 552 3996 lngus.
573 3861 601 3917 C.
619 3862 709 3918 Laeli.
761 3861 940 3928 Verwirruug
984 3861 1152 3928 gebrachten
1177 3865 1311 3943 .'l'ruppen

159 3932 222 4009 ,13
241 3945 384 3997 anceps,
411 3930 464 3984 wie
529 3934 555 3990 ⁷,
584 3928 708 3997 ‘geldhr-
760 3929 837 4009 mehr
864 3927 951 3983 hdren
977 3929 1026 3985 aul
1050 3930 1094 3986 die
1121 3930 1311 3998 gebieterrschc

146 3995 203 4052 lrch
221 3997 290 4052 nach
308 3995 406 4053 beiden
425 3997 518 4053 Seiten
536 3999 604 4061 hin’,
623 3997 708 4053 daher
760 3995 873 4052 Summe
891 3996 941 4050 der
958 3996 1074 4060 Furcht,
1093 3997 1133 4053 als
1152 3997 1201 4054 aul
1217 4005 1268 4054 etc.

147 4062 295 4131 ‘prelium
315 4063 491 4120 misslich'.
793 4067 833 4118 tt.
855 4065 891 4117 in
914 4064 1066 4119 medium.
1106 4062 1143 4121 So
1174 4073 1236 4133 sagt
1261 4060 1311 4119 Sal·

182 4134 223 4184 17.
245 4132 281 4185 in
310 4130 453 4187 laecum.
499 4131 649 4188 Vielmehr:
676 4133 707 4186 in
759 4129 1009 4186 lustzinmedt'um
1026 4131 1201 4188 cortsultare.
1229 4131 1311 4187 elebo-

144 4195 290 4253 uestram.
335 4197 387 4253 Ein
416 4196 537 4265 gleicbes
567 4199 707 4254 Versehcn
760 4194 815 4252 lich
833 4197 883 4251 ist:
902 4200 934 4252 in
951 4213 1096 4255 commune
1112 4199 1275 4257 consultare
1290 4200 1311 4248 5·

146 4263 249 4330 begeht
272 4263 382 4320 Curtius
405 4269 430 4320 4.
453 4269 493 4320 15.
511 4269 556 4324 20;
579 4268 603 4320 3.
622 4270 646 4318 2.
666 4269 706 4319 13.
759 4267 894 4331 31433.
915 4268 938 4317 1.
956 4269 997 4320 21.
