<?xml version="1.0" encoding="UTF-8"?>
<!DOCTYPE html PUBLIC "-//W3C//DTD XHTML 1.0 Transitional//EN"
    "http://www.w3.org/TR/xhtml1/DTD/xhtml1-transitional.dtd">
<html xmlns="http://www.w3.org/1999/xhtml" xml:lang="en" lang="en">
 <head>
  <title>
</title>
<meta http-equiv="Content-Type" content="text/html;charset=utf-8" />
  <meta name='ocr-system' content='tesseract 3.04.00' />
  <meta name='ocr-capabilities' content='ocr_page ocr_carea ocr_par ocr_line ocrx_word'/>
</head>
<body>
  <div class='ocr_page' id='page_1' title='image "./qcurtirufihisto00rufugoog_0157.png"; bbox 0 0 2752 4776; ppageno 0'>
   <div class='ocr_carea' id='block_1_1' title="bbox 166 262 889 326">
    <p class='ocr_par' dir='ltr' id='par_1_1' title="bbox 166 262 889 326">
     <span class='ocr_line' id='line_1_1' title="bbox 166 262 889 326; baseline -0.006 -11"><span class='ocrx_word' id='word_1_1' title='bbox 166 263 227 326; x_wconf 80' lang='lat'><strong>142</strong></span> <span class='ocrx_word' id='word_1_2' title='bbox 619 264 651 325; x_wconf 77' lang='lat' dir='ltr'><strong>Q·</strong></span> <span class='ocrx_word' id='word_1_3' title='bbox 671 262 781 312; x_wconf 79' lang='lat' dir='ltr'><strong>cunm</strong></span> <span class='ocrx_word' id='word_1_4' title='bbox 798 263 889 314; x_wconf 79' lang='lat' dir='ltr'><strong>eurr</strong></span> 
     </span>
    </p>
   </div>
   <div class='ocr_carea' id='block_1_2' title="bbox 662 464 835 526">
    <p class='ocr_par' dir='ltr' id='par_1_2' title="bbox 662 464 835 526">
     <span class='ocr_line' id='line_1_2' title="bbox 662 464 835 526; baseline -0.017 0"><span class='ocrx_word' id='word_1_5' title='bbox 662 465 739 526; x_wconf 79' lang='lat' dir='ltr'><strong>Cae.</strong></span> <span class='ocrx_word' id='word_1_6' title='bbox 762 464 835 524; x_wconf 81' lang='lat' dir='ltr'><strong>xvi.</strong></span> 
     </span>
    </p>
   </div>
   <div class='ocr_carea' id='block_1_3' title="bbox 129 564 1355 2914">
    <p class='ocr_par' dir='ltr' id='par_1_3' title="bbox 132 564 1336 809">
     <span class='ocr_line' id='line_1_3' title="bbox 132 564 1336 647; baseline 0 -20"><span class='ocrx_word' id='word_1_7' title='bbox 132 586 145 632; x_wconf 93' lang='lat'>1</span> <span class='ocrx_word' id='word_1_8' title='bbox 251 568 288 627; x_wconf 77' lang='lat' dir='ltr'><strong>At</strong></span> <span class='ocrx_word' id='word_1_9' title='bbox 314 568 346 627; x_wconf 92' lang='lat' dir='ltr'><strong>in</strong></span> <span class='ocrx_word' id='word_1_10' title='bbox 373 564 455 627; x_wconf 86' lang='lat' dir='ltr'><strong>laevo</strong></span> <span class='ocrx_word' id='word_1_11' title='bbox 483 565 677 627; x_wconf 80' lang='lat' dir='ltr'>Macedonum</span> <span class='ocrx_word' id='word_1_12' title='bbox 709 582 803 624; x_wconf 92' lang='lat' dir='ltr'><strong>cornu</strong></span> <span class='ocrx_word' id='word_1_13' title='bbox 827 598 865 608; x_wconf 88' lang='lat'>-</span> <span class='ocrx_word' id='word_1_14' title='bbox 888 565 1062 634; x_wconf 84' lang='lat' dir='ltr'><strong>Parmenio,</strong></span> <span class='ocrx_word' id='word_1_15' title='bbox 1091 566 1169 625; x_wconf 89' lang='lat' dir='ltr'><strong>sicut</strong></span> <span class='ocrx_word' id='word_1_16' title='bbox 1197 571 1267 627; x_wconf 88' lang='lat' dir='ltr'><strong>ante</strong></span> <span class='ocrx_word' id='word_1_17' title='bbox 1291 572 1336 647; x_wconf 19' lang='lat' dir='ltr'><strong>ccl,</strong></span> 
     </span>
     <span class='ocr_line' id='line_1_4' title="bbox 165 647 1327 729; baseline 0 -18"><span class='ocrx_word' id='word_1_18' title='bbox 165 652 292 720; x_wconf 90' lang='lat' dir='ltr'><strong>dictum,</strong></span> <span class='ocrx_word' id='word_1_19' title='bbox 316 650 456 711; x_wconf 90' lang='lat' dir='ltr'><strong>tuebatur</strong></span> <span class='ocrx_word' id='word_1_20' title='bbox 475 684 517 694; x_wconf 90' lang='lat'><em>-</em></span> <span class='ocrx_word' id='word_1_21' title='bbox 538 649 627 728; x_wconf 89' lang='lat' dir='ltr'><strong>longe</strong></span> <span class='ocrx_word' id='word_1_22' title='bbox 646 647 702 709; x_wconf 89' lang='lat' dir='ltr'><strong>alia</strong></span> <span class='ocrx_word' id='word_1_23' title='bbox 724 648 842 708; x_wconf 88' lang='lat' dir='ltr'><strong>fortuna</strong></span> <span class='ocrx_word' id='word_1_24' title='bbox 857 650 1013 729; x_wconf 90' lang='lat' dir='ltr'><strong>utriusque</strong></span> <span class='ocrx_word' id='word_1_25' title='bbox 1035 651 1129 726; x_wconf 90' lang='lat' dir='ltr'><strong>partis</strong></span> <span class='ocrx_word' id='word_1_26' title='bbox 1145 667 1196 710; x_wconf 93' lang='lat' dir='ltr'><strong>res</strong></span> <span class='ocrx_word' id='word_1_27' title='bbox 1211 649 1327 727; x_wconf 87' lang='lat' dir='ltr'><strong>gereba-</strong></span> 
     </span>
     <span class='ocr_line' id='line_1_5' title="bbox 165 733 1328 809; baseline -0.001 -14"><span class='ocrx_word' id='word_1_28' title='bbox 165 745 222 796; x_wconf 91' lang='lat' dir='ltr'><strong>tur.</strong></span> <span class='ocrx_word' id='word_1_29' title='bbox 268 736 405 796; x_wconf 83' lang='lat' dir='ltr'><strong>Mazaeus</strong></span> <span class='ocrx_word' id='word_1_30' title='bbox 427 753 494 795; x_wconf 91' lang='lat' dir='ltr'><strong>cum</strong></span> <span class='ocrx_word' id='word_1_31' title='bbox 517 736 599 794; x_wconf 91' lang='lat' dir='ltr'><strong>omui</strong></span> <span class='ocrx_word' id='word_1_32' title='bbox 621 750 744 793; x_wconf 89' lang='lat' dir='ltr'><strong>suorum</strong></span> <span class='ocrx_word' id='word_1_33' title='bbox 767 735 899 809; x_wconf 89' lang='lat' dir='ltr'><strong>equitatu</strong></span> <span class='ocrx_word' id='word_1_34' title='bbox 921 733 1112 795; x_wconf 85' lang='lat' dir='ltr'><strong>vehementer</strong></span> <span class='ocrx_word' id='word_1_35' title='bbox 1127 734 1264 796; x_wconf 87' lang='lat' dir='ltr'><strong>invectus</strong></span> <span class='ocrx_word' id='word_1_36' title='bbox 1285 751 1328 795; x_wconf 93' lang='lat' dir='ltr'><strong>ur·</strong></span> 
     </span>
    </p>

    <p class='ocr_par' dir='ltr' id='par_1_4' title="bbox 129 815 1327 1066">
     <span class='ocr_line' id='line_1_6' title="bbox 129 815 1327 898; baseline -0.004 -14"><span class='ocrx_word' id='word_1_37' title='bbox 129 819 275 898; x_wconf 80' lang='lat' dir='ltr'><strong>eguebat</strong></span> <span class='ocrx_word' id='word_1_38' title='bbox 295 818 488 880; x_wconf 84' lang='lat' dir='ltr'><strong>Macedonum</strong></span> <span class='ocrx_word' id='word_1_39' title='bbox 512 817 582 879; x_wconf 88' lang='lat' dir='ltr'><strong>alas.</strong></span> <span class='ocrx_word' id='word_1_40' title='bbox 632 817 754 894; x_wconf 89' lang='lat' dir='ltr'><strong>lamque</strong></span> <span class='ocrx_word' id='word_1_41' title='bbox 776 815 931 878; x_wconf 63' lang='lat' dir='ltr'><strong>mundans</strong></span> <span class='ocrx_word' id='word_1_42' title='bbox 953 816 1143 878; x_wconf 89' lang='lat' dir='ltr'><strong>multitudine</strong></span> <span class='ocrx_word' id='word_1_43' title='bbox 1164 819 1260 879; x_wconf 80' lang='lat' dir='ltr'><strong>aciem</strong></span> <span class='ocrx_word' id='word_1_44' title='bbox 1280 819 1327 879; x_wconf 89' lang='lat' dir='ltr'><strong>cir-</strong></span> 
     </span>
     <span class='ocr_line' id='line_1_7' title="bbox 165 899 1326 982; baseline -0.003 -17"><span class='ocrx_word' id='word_1_45' title='bbox 165 903 300 965; x_wconf 86' lang='lat' dir='ltr'><strong>cumvehi</strong></span> <span class='ocrx_word' id='word_1_46' title='bbox 321 910 475 982; x_wconf 88' lang='lat' dir='ltr'><strong>coeperat,</strong></span> <span class='ocrx_word' id='word_1_47' title='bbox 500 921 568 963; x_wconf 94' lang='lat' dir='ltr'><strong>cum</strong></span> <span class='ocrx_word' id='word_1_48' title='bbox 583 901 740 963; x_wconf 84' lang='lat' dir='ltr'><strong>Parmenio</strong></span> <span class='ocrx_word' id='word_1_49' title='bbox 763 902 879 980; x_wconf 79' lang='lat' dir='ltr'><strong>equites</strong></span> <span class='ocrx_word' id='word_1_50' title='bbox 900 903 1039 962; x_wconf 92' lang='lat' dir='ltr'><strong>nuntiare</strong></span> <span class='ocrx_word' id='word_1_51' title='bbox 1059 901 1143 962; x_wconf 88' lang='lat' dir='ltr'><strong>iubet</strong></span> <span class='ocrx_word' id='word_1_52' title='bbox 1158 899 1326 969; x_wconf 76' lang='lat' dir='ltr'><strong>Alexandro,</strong></span> 
     </span>
     <span class='ocr_line' id='line_1_8' title="bbox 163 985 1327 1066; baseline 0 -18"><span class='ocrx_word' id='word_1_53' title='bbox 163 990 195 1048; x_wconf 91' lang='lat' dir='ltr'><strong>iu</strong></span> <span class='ocrx_word' id='word_1_54' title='bbox 218 1005 276 1066; x_wconf 93' lang='lat' dir='ltr'><strong>quo</strong></span> <span class='ocrx_word' id='word_1_55' title='bbox 300 988 473 1049; x_wconf 85' lang='lat' dir='ltr'><strong>discrimine</strong></span> <span class='ocrx_word' id='word_1_56' title='bbox 494 988 553 1066; x_wconf 91' lang='lat' dir='ltr'><strong>ipsi</strong></span> <span class='ocrx_word' id='word_1_57' title='bbox 576 992 691 1046; x_wconf 89' lang='lat' dir='ltr'><strong>esseut:</strong></span> <span class='ocrx_word' id='word_1_58' title='bbox 714 986 884 1045; x_wconf 88' lang='lat' dir='ltr'><strong>nimature</strong></span> <span class='ocrx_word' id='word_1_59' title='bbox 906 985 1130 1056; x_wconf 81' lang='lat' dir='ltr'><strong>subveniretur,</strong></span> <span class='ocrx_word' id='word_1_60' title='bbox 1159 1004 1222 1048; x_wconf 91' lang='lat' dir='ltr'><strong>nou</strong></span> <span class='ocrx_word' id='word_1_61' title='bbox 1250 1002 1327 1065; x_wconf 82' lang='lat' dir='ltr'><strong>posse</strong></span> 
     </span>
    </p>

    <p class='ocr_par' dir='ltr' id='par_1_5' title="bbox 130 1069 1355 1409">
     <span class='ocr_line' id='line_1_9' title="bbox 130 1069 1326 1149; baseline -0.001 -17"><span class='ocrx_word' id='word_1_62' title='bbox 130 1092 146 1140; x_wconf 83' lang='lat'>3</span> <span class='ocrx_word' id='word_1_63' title='bbox 165 1072 227 1132; x_wconf 89' lang='lat' dir='ltr'><strong>sisti</strong></span> <span class='ocrx_word' id='word_1_64' title='bbox 249 1073 360 1149; x_wconf 87' lang='lat' dir='ltr'><strong>fugam.</strong></span> <span class='ocrx_word' id='word_1_65' title='bbox 398 1070 459 1131; x_wconf 92' lang='lat' dir='ltr'><strong>lam</strong></span> <span class='ocrx_word' id='word_1_66' title='bbox 474 1070 599 1130; x_wconf 89' lang='lat' dir='ltr'><strong>multum</strong></span> <span class='ocrx_word' id='word_1_67' title='bbox 621 1070 685 1129; x_wconf 89' lang='lat' dir='ltr'><strong>viae</strong></span> <span class='ocrx_word' id='word_1_68' title='bbox 707 1077 901 1148; x_wconf 85' lang='lat' dir='ltr'><strong>praeceperat</strong></span> <span class='ocrx_word' id='word_1_69' title='bbox 915 1087 969 1130; x_wconf 78' lang='lat' dir='ltr'><strong>rex</strong></span> <span class='ocrx_word' id='word_1_70' title='bbox 990 1071 1139 1130; x_wconf 87' lang='lat' dir='ltr'><strong>inminens</strong></span> <span class='ocrx_word' id='word_1_71' title='bbox 1160 1069 1326 1149; x_wconf 81' lang='lat' dir='ltr'><strong>fugiendum</strong></span> 
     </span>
     <span class='ocr_line' id='line_1_10' title="bbox 163 1152 1325 1233; baseline -0.003 -17"><span class='ocrx_word' id='word_1_72' title='bbox 163 1156 270 1232; x_wconf 83' lang='lat' dir='ltr'><strong>tergis,</strong></span> <span class='ocrx_word' id='word_1_73' title='bbox 300 1174 367 1217; x_wconf 91' lang='lat' dir='ltr'><strong>cum</strong></span> <span class='ocrx_word' id='word_1_74' title='bbox 391 1173 407 1214; x_wconf 88' lang='lat' dir='ltr'><strong>a</strong></span> <span class='ocrx_word' id='word_1_75' title='bbox 430 1155 626 1215; x_wconf 88' lang='lat' dir='ltr'><strong>Parmenione</strong></span> <span class='ocrx_word' id='word_1_76' title='bbox 656 1155 749 1214; x_wconf 90' lang='lat' dir='ltr'><strong>tristis</strong></span> <span class='ocrx_word' id='word_1_77' title='bbox 776 1155 897 1213; x_wconf 92' lang='lat' dir='ltr'><strong>nuntius</strong></span> <span class='ocrx_word' id='word_1_78' title='bbox 919 1156 1008 1215; x_wconf 89' lang='lat' dir='ltr'><strong>veuit.</strong></span> <span class='ocrx_word' id='word_1_79' title='bbox 1058 1152 1225 1217; x_wconf 78' lang='lat' dir='ltr'><strong>Refrenare</strong></span> <span class='ocrx_word' id='word_1_80' title='bbox 1246 1170 1325 1233; x_wconf 89' lang='lat' dir='ltr'><strong>eques</strong></span> 
     </span>
     <span class='ocr_line' id='line_1_11' title="bbox 163 1237 1325 1318; baseline -0.003 -18"><span class='ocrx_word' id='word_1_81' title='bbox 163 1242 249 1307; x_wconf 92' lang='lat' dir='ltr'><strong>iussi,</strong></span> <span class='ocrx_word' id='word_1_82' title='bbox 289 1242 340 1318; x_wconf 90' lang='lat' dir='ltr'><strong>qui</strong></span> <span class='ocrx_word' id='word_1_83' title='bbox 372 1237 573 1306; x_wconf 85' lang='lat' dir='ltr'><strong>vehebantur,</strong></span> <span class='ocrx_word' id='word_1_84' title='bbox 609 1253 776 1316; x_wconf 81' lang='lat' dir='ltr'><strong>agmenque</strong></span> <span class='ocrx_word' id='word_1_85' title='bbox 804 1238 936 1299; x_wconf 87' lang='lat' dir='ltr'><strong>constitit</strong></span> <span class='ocrx_word' id='word_1_86' title='bbox 969 1237 1127 1298; x_wconf 83' lang='lat' dir='ltr'><strong>frendente</strong></span> <span class='ocrx_word' id='word_1_87' title='bbox 1160 1237 1325 1305; x_wconf 81' lang='lat' dir='ltr'><strong>Alexandro,</strong></span> 
     </span>
     <span class='ocr_line' id='line_1_12' title="bbox 165 1321 1355 1409; baseline -0.001 -27"><span class='ocrx_word' id='word_1_88' title='bbox 165 1326 240 1402; x_wconf 86' lang='lat' dir='ltr'><strong>eripi</strong></span> <span class='ocrx_word' id='word_1_89' title='bbox 261 1322 317 1383; x_wconf 91' lang='lat' dir='ltr'><strong>sibi</strong></span> <span class='ocrx_word' id='word_1_90' title='bbox 341 1322 493 1383; x_wconf 89' lang='lat' dir='ltr'><strong>victoriam</strong></span> <span class='ocrx_word' id='word_1_91' title='bbox 517 1340 533 1381; x_wconf 92' lang='lat' dir='ltr'><strong>e</strong></span> <span class='ocrx_word' id='word_1_92' title='bbox 556 1321 694 1382; x_wconf 89' lang='lat' dir='ltr'><strong>manibus</strong></span> <span class='ocrx_word' id='word_1_93' title='bbox 717 1330 747 1381; x_wconf 85' lang='lat' dir='ltr'><strong>et</strong></span> <span class='ocrx_word' id='word_1_94' title='bbox 768 1322 898 1383; x_wconf 87' lang='lat' dir='ltr'><strong>Dareum</strong></span> <span class='ocrx_word' id='word_1_95' title='bbox 920 1321 1035 1383; x_wconf 88' lang='lat' dir='ltr'><strong>felicius</strong></span> <span class='ocrx_word' id='word_1_96' title='bbox 1067 1322 1170 1401; x_wconf 89' lang='lat' dir='ltr'><strong>fugere</strong></span> <span class='ocrx_word' id='word_1_97' title='bbox 1193 1340 1279 1401; x_wconf 90' lang='lat' dir='ltr'><strong>quam</strong></span> <span class='ocrx_word' id='word_1_98' title='bbox 1297 1338 1355 1409; x_wconf 75' lang='lat' dir='ltr'><strong>se,¹</strong></span> 
     </span>
    </p>

    <p class='ocr_par' dir='ltr' id='par_1_6' title="bbox 129 1405 1352 1738">
     <span class='ocr_line' id='line_1_13' title="bbox 129 1405 1352 1485; baseline -0.002 -16"><span class='ocrx_word' id='word_1_99' title='bbox 129 1408 258 1483; x_wconf 75' lang='lat' dir='ltr'><strong>esequi.</strong></span> <span class='ocrx_word' id='word_1_100' title='bbox 303 1406 426 1466; x_wconf 92' lang='lat' dir='ltr'><strong>lnterim</strong></span> <span class='ocrx_word' id='word_1_101' title='bbox 449 1406 486 1465; x_wconf 92' lang='lat' dir='ltr'><strong>ad</strong></span> <span class='ocrx_word' id='word_1_102' title='bbox 508 1405 660 1467; x_wconf 88' lang='lat' dir='ltr'><strong>Mazaeum</strong></span> <span class='ocrx_word' id='word_1_103' title='bbox 683 1408 817 1482; x_wconf 88' lang='lat' dir='ltr'><strong>superati</strong></span> <span class='ocrx_word' id='word_1_104' title='bbox 838 1407 918 1484; x_wconf 92' lang='lat' dir='ltr'><strong>regis</strong></span> <span class='ocrx_word' id='word_1_105' title='bbox 946 1406 1024 1467; x_wconf 88' lang='lat' dir='ltr'><strong>fama</strong></span> <span class='ocrx_word' id='word_1_106' title='bbox 1047 1416 1236 1485; x_wconf 84' lang='lat' dir='ltr'><strong>pervenerat.</strong></span> <span class='ocrx_word' id='word_1_107' title='bbox 1278 1405 1324 1467; x_wconf 85' lang='lat' dir='ltr'><strong>lta·</strong></span> <span class='ocrx_word' id='word_1_108' title='bbox 1349 1450 1352 1457; x_wconf 85' lang='lat'>-</span> 
     </span>
     <span class='ocr_line' id='line_1_14' title="bbox 165 1476 1352 1571; baseline 0.002 -20"><span class='ocrx_word' id='word_1_109' title='bbox 165 1509 237 1570; x_wconf 75' lang='lat' dir='ltr'><strong>tque,</strong></span> <span class='ocrx_word' id='word_1_110' title='bbox 262 1487 437 1568; x_wconf 83' lang='lat' dir='ltr'><strong>quamquam</strong></span> <span class='ocrx_word' id='word_1_111' title='bbox 463 1489 583 1550; x_wconf 88' lang='lat' dir='ltr'><strong>validior</strong></span> <span class='ocrx_word' id='word_1_112' title='bbox 607 1498 683 1560; x_wconf 90' lang='lat' dir='ltr'><strong>erat,</strong></span> <span class='ocrx_word' id='word_1_113' title='bbox 707 1498 805 1552; x_wconf 89' lang='lat' dir='ltr'><strong>tamen</strong></span> <span class='ocrx_word' id='word_1_114' title='bbox 834 1492 953 1551; x_wconf 90' lang='lat' dir='ltr'><strong>fortuna</strong></span> <span class='ocrx_word' id='word_1_115' title='bbox 980 1492 1110 1569; x_wconf 89' lang='lat' dir='ltr'><strong>partium</strong></span> <span class='ocrx_word' id='word_1_116' title='bbox 1124 1492 1249 1553; x_wconf 89' lang='lat' dir='ltr'><strong>territus</strong></span> <span class='ocrx_word' id='word_1_117' title='bbox 1267 1506 1323 1571; x_wconf 85' lang='lat' dir='ltr'><strong>per·</strong></span> <span class='ocrx_word' id='word_1_118' title='bbox 1348 1476 1352 1497; x_wconf 70' lang='lat'>¹</span> 
     </span>
     <span class='ocr_line' id='line_1_15' title="bbox 164 1570 1348 1655; baseline 0 -20"><span class='ocrx_word' id='word_1_119' title='bbox 164 1574 254 1635; x_wconf 87' lang='lat' dir='ltr'><strong>culsis</strong></span> <span class='ocrx_word' id='word_1_120' title='bbox 276 1573 446 1650; x_wconf 84' lang='lat' dir='ltr'><strong>languidius</strong></span> <span class='ocrx_word' id='word_1_121' title='bbox 466 1574 604 1635; x_wconf 87' lang='lat' dir='ltr'><strong>instabat.</strong></span> <span class='ocrx_word' id='word_1_122' title='bbox 643 1574 801 1635; x_wconf 83' lang='lat' dir='ltr'><strong>Parmenio</strong></span> <span class='ocrx_word' id='word_1_123' title='bbox 823 1574 979 1651; x_wconf 84' lang='lat' dir='ltr'><strong>ignorabat</strong></span> <span class='ocrx_word' id='word_1_124' title='bbox 1001 1575 1120 1655; x_wconf 92' lang='lat' dir='ltr'><strong>quidem</strong></span> <span class='ocrx_word' id='word_1_125' title='bbox 1143 1592 1263 1637; x_wconf 89' lang='lat' dir='ltr'><strong>causam</strong></span> <span class='ocrx_word' id='word_1_126' title='bbox 1282 1570 1348 1635; x_wconf 83' lang='lat' dir='ltr'><strong>sut&#39;</strong></span> 
     </span>
     <span class='ocr_line' id='line_1_16' title="bbox 164 1659 1346 1738; baseline -0.003 -19"><span class='ocrx_word' id='word_1_127' title='bbox 164 1665 269 1737; x_wconf 90' lang='lat' dir='ltr'><strong>sponte</strong></span> <span class='ocrx_word' id='word_1_128' title='bbox 291 1676 407 1738; x_wconf 79' lang='lat' dir='ltr'><strong>pugnae</strong></span> <span class='ocrx_word' id='word_1_129' title='bbox 430 1661 588 1727; x_wconf 90' lang='lat' dir='ltr'><strong>remissae,</strong></span> <span class='ocrx_word' id='word_1_130' title='bbox 616 1659 668 1719; x_wconf 91' lang='lat' dir='ltr'><strong>sed</strong></span> <span class='ocrx_word' id='word_1_131' title='bbox 691 1660 845 1719; x_wconf 90' lang='lat' dir='ltr'><strong>occasione</strong></span> <span class='ocrx_word' id='word_1_132' title='bbox 868 1659 1005 1719; x_wconf 89' lang='lat' dir='ltr'><strong>vincendi</strong></span> <span class='ocrx_word' id='word_1_133' title='bbox 1032 1666 1156 1720; x_wconf 88' lang='lat' dir='ltr'><strong>strenue</strong></span> <span class='ocrx_word' id='word_1_134' title='bbox 1186 1669 1234 1721; x_wconf 89' lang='lat' dir='ltr'><strong>est</strong></span> <span class='ocrx_word' id='word_1_135' title='bbox 1253 1674 1346 1721; x_wconf 76' lang='lat' dir='ltr'><strong>usus,</strong></span> 
     </span>
    </p>

    <p class='ocr_par' dir='ltr' id='par_1_7' title="bbox 131 1741 1354 2075">
     <span class='ocr_line' id='line_1_17' title="bbox 131 1741 1351 1823; baseline -0.001 -17"><span class='ocrx_word' id='word_1_136' title='bbox 131 1742 322 1806; x_wconf 87' lang='lat' dir='ltr'><strong>5Thessalos</strong></span> <span class='ocrx_word' id='word_1_137' title='bbox 351 1743 464 1821; x_wconf 88' lang='lat' dir='ltr'><strong>equites</strong></span> <span class='ocrx_word' id='word_1_138' title='bbox 493 1743 528 1803; x_wconf 93' lang='lat' dir='ltr'><strong>ad</strong></span> <span class='ocrx_word' id='word_1_139' title='bbox 564 1761 596 1804; x_wconf 92' lang='lat' dir='ltr'><strong>se</strong></span> <span class='ocrx_word' id='word_1_140' title='bbox 623 1744 721 1804; x_wconf 88' lang='lat' dir='ltr'><strong>vocari</strong></span> <span class='ocrx_word' id='word_1_141' title='bbox 756 1741 849 1803; x_wconf 90' lang='lat' dir='ltr'><strong>iubet.</strong></span> <span class='ocrx_word' id='word_1_142' title='bbox 901 1743 1032 1820; x_wconf 77' lang='lat' dir='ltr'><strong>‘Ecquid</strong></span> <span class='ocrx_word' id='word_1_143' title='bbox 1060 1742 1196 1814; x_wconf 81' lang='lat' dir='ltr'><strong>ridetis&#39;,</strong></span> <span class='ocrx_word' id='word_1_144' title='bbox 1231 1742 1323 1823; x_wconf 85' lang='lat' dir='ltr'><strong>iuquit</strong></span> <span class='ocrx_word' id='word_1_145' title='bbox 1340 1742 1351 1767; x_wconf 79' lang='grc'><strong>’·</strong></span> 
     </span>
     <span class='ocr_line' id='line_1_18' title="bbox 165 1825 1351 1909; baseline -0.003 -21"><span class='ocrx_word' id='word_1_146' title='bbox 165 1829 264 1907; x_wconf 69' lang='lat' dir='ltr'><strong>istos,</strong></span> <span class='ocrx_word' id='word_1_147' title='bbox 291 1829 340 1906; x_wconf 92' lang='lat' dir='ltr'><strong>qui</strong></span> <span class='ocrx_word' id='word_1_148' title='bbox 364 1827 505 1888; x_wconf 88' lang='lat' dir='ltr'><strong>ferociter</strong></span> <span class='ocrx_word' id='word_1_149' title='bbox 527 1826 616 1888; x_wconf 93' lang='lat' dir='ltr'><strong>modo</strong></span> <span class='ocrx_word' id='word_1_150' title='bbox 638 1825 803 1897; x_wconf 89' lang='lat' dir='ltr'><strong>instabant,</strong></span> <span class='ocrx_word' id='word_1_151' title='bbox 832 1827 939 1906; x_wconf 92' lang='lat' dir='ltr'><strong>pedem</strong></span> <span class='ocrx_word' id='word_1_152' title='bbox 962 1827 1077 1888; x_wconf 91' lang='lat' dir='ltr'><strong>referre</strong></span> <span class='ocrx_word' id='word_1_153' title='bbox 1099 1827 1200 1889; x_wconf 84' lang='lat' dir='ltr'><strong>subito</strong></span> <span class='ocrx_word' id='word_1_154' title='bbox 1227 1842 1351 1909; x_wconf 82' lang='lat' dir='ltr'><strong>pavore¹</strong></span> 
     </span>
     <span class='ocr_line' id='line_1_19' title="bbox 164 1910 1354 1991; baseline -0.001 -19"><span class='ocrx_word' id='word_1_155' title='bbox 164 1912 358 1991; x_wconf 79' lang='lat' dir='ltr'><strong>perterritos?</strong></span> <span class='ocrx_word' id='word_1_156' title='bbox 397 1912 543 1972; x_wconf 89' lang='lat' dir='ltr'><strong>Nimirum</strong></span> <span class='ocrx_word' id='word_1_157' title='bbox 567 1911 654 1972; x_wconf 92' lang='lat' dir='ltr'><strong>nobis</strong></span> <span class='ocrx_word' id='word_1_158' title='bbox 669 1929 789 1990; x_wconf 92' lang='lat' dir='ltr'><strong>quoque</strong></span> <span class='ocrx_word' id='word_1_159' title='bbox 804 1912 883 1988; x_wconf 90' lang='lat' dir='ltr'><strong>regis</strong></span> <span class='ocrx_word' id='word_1_160' title='bbox 898 1912 993 1973; x_wconf 89' lang='lat' dir='ltr'><strong>nostri</strong></span> <span class='ocrx_word' id='word_1_161' title='bbox 1015 1913 1132 1972; x_wconf 89' lang='lat' dir='ltr'><strong>fortuna</strong></span> <span class='ocrx_word' id='word_1_162' title='bbox 1148 1912 1230 1973; x_wconf 84' lang='lat' dir='ltr'><strong>vicit.</strong></span> <span class='ocrx_word' id='word_1_163' title='bbox 1267 1910 1326 1973; x_wconf 83' lang='lat' dir='ltr'><strong>0ur·</strong></span> <span class='ocrx_word' id='word_1_164' title='bbox 1351 1912 1354 1919; x_wconf 90' lang='lat'>&#39;</span> 
     </span>
     <span class='ocr_line' id='line_1_20' title="bbox 163 1993 1327 2075; baseline -0.001 -19"><span class='ocrx_word' id='word_1_165' title='bbox 163 1999 212 2057; x_wconf 86' lang='lat' dir='ltr'><strong>nia</strong></span> <span class='ocrx_word' id='word_1_166' title='bbox 235 1995 392 2057; x_wconf 88' lang='lat' dir='ltr'><strong>Persarum</strong></span> <span class='ocrx_word' id='word_1_167' title='bbox 416 1996 506 2056; x_wconf 87' lang='lat' dir='ltr'><strong>caede</strong></span> <span class='ocrx_word' id='word_1_168' title='bbox 528 2003 619 2055; x_wconf 87' lang='lat' dir='ltr'><strong>strata</strong></span> <span class='ocrx_word' id='word_1_169' title='bbox 642 2002 718 2056; x_wconf 88' lang='lat' dir='ltr'><strong>sunt.</strong></span> <span class='ocrx_word' id='word_1_170' title='bbox 765 1995 842 2066; x_wconf 84' lang='lat' dir='ltr'><strong>Quid</strong></span> <span class='ocrx_word' id='word_1_171' title='bbox 865 1997 1004 2056; x_wconf 72' lang='lat' dir='ltr'><strong>cessatis?</strong></span> <span class='ocrx_word' id='word_1_172' title='bbox 1033 2013 1070 2055; x_wconf 93' lang='lat' dir='ltr'><strong>an</strong></span> <span class='ocrx_word' id='word_1_173' title='bbox 1093 2014 1132 2056; x_wconf 90' lang='lat' dir='ltr'><strong>ue</strong></span> <span class='ocrx_word' id='word_1_174' title='bbox 1153 1993 1327 2075; x_wconf 80' lang='lat' dir='ltr'><strong>fugientibus</strong></span> 
     </span>
    </p>

    <p class='ocr_par' dir='ltr' id='par_1_8' title="bbox 130 2079 1353 2495">
     <span class='ocr_line' id='line_1_21' title="bbox 130 2079 1327 2159; baseline -0.004 -17"><span class='ocrx_word' id='word_1_175' title='bbox 130 2079 285 2159; x_wconf 80' lang='lat' dir='ltr'><strong>equidem</strong></span> <span class='ocrx_word' id='word_1_176' title='bbox 313 2098 402 2159; x_wconf 91' lang='lat' dir='ltr'><strong>pares</strong></span> <span class='ocrx_word' id='word_1_177' title='bbox 431 2080 536 2141; x_wconf 76' lang='lat' dir='ltr'><strong>estisf’</strong></span> <span class='ocrx_word' id='word_1_178' title='bbox 585 2082 662 2140; x_wconf 88' lang='lat' dir='ltr'><strong>Vera</strong></span> <span class='ocrx_word' id='word_1_179' title='bbox 692 2079 790 2140; x_wconf 90' lang='lat' dir='ltr'><strong>dicere</strong></span> <span class='ocrx_word' id='word_1_180' title='bbox 819 2079 973 2140; x_wconf 84' lang='lat' dir='ltr'><strong>videbatur</strong></span> <span class='ocrx_word' id='word_1_181' title='bbox 1007 2089 1037 2140; x_wconf 94' lang='lat' dir='ltr'><strong>et</strong></span> <span class='ocrx_word' id='word_1_182' title='bbox 1065 2097 1134 2158; x_wconf 88' lang='lat' dir='ltr'><strong>spes</strong></span> <span class='ocrx_word' id='word_1_183' title='bbox 1161 2079 1327 2159; x_wconf 84' lang='lat' dir='ltr'><strong>languentes</strong></span> 
     </span>
     <span class='ocr_line' id='line_1_22' title="bbox 165 2158 1327 2242; baseline -0.006 -16"><span class='ocrx_word' id='word_1_184' title='bbox 165 2182 282 2242; x_wconf 91' lang='lat' dir='ltr'><strong>quoque</strong></span> <span class='ocrx_word' id='word_1_185' title='bbox 305 2173 450 2225; x_wconf 83' lang='lat' dir='ltr'><strong>erexerat.</strong></span> <span class='ocrx_word' id='word_1_186' title='bbox 495 2162 627 2224; x_wconf 78' lang='lat' dir='ltr'><strong>subditis</strong></span> <span class='ocrx_word' id='word_1_187' title='bbox 649 2162 816 2224; x_wconf 87' lang='lat' dir='ltr'><strong>calcaribus</strong></span> <span class='ocrx_word' id='word_1_188' title='bbox 837 2179 1003 2242; x_wconf 89' lang='lat' dir='ltr'><strong>prorupere</strong></span> <span class='ocrx_word' id='word_1_189' title='bbox 1025 2166 1056 2223; x_wconf 91' lang='lat' dir='ltr'><strong>in</strong></span> <span class='ocrx_word' id='word_1_190' title='bbox 1080 2164 1212 2225; x_wconf 88' lang='lat' dir='ltr'><strong>hostem:</strong></span> <span class='ocrx_word' id='word_1_191' title='bbox 1243 2174 1271 2223; x_wconf 87' lang='lat' dir='ltr'><strong>et</strong></span> <span class='ocrx_word' id='word_1_192' title='bbox 1288 2158 1327 2221; x_wconf 91' lang='lat' dir='ltr'><strong>illi</strong></span> 
     </span>
     <span class='ocr_line' id='line_1_23' title="bbox 164 2247 1353 2327; baseline 0.006 -21"><span class='ocrx_word' id='word_1_193' title='bbox 164 2250 222 2308; x_wconf 88' lang='lat' dir='ltr'><strong>iam</strong></span> <span class='ocrx_word' id='word_1_194' title='bbox 245 2265 303 2307; x_wconf 93' lang='lat' dir='ltr'><strong>non</strong></span> <span class='ocrx_word' id='word_1_195' title='bbox 322 2249 447 2315; x_wconf 92' lang='lat' dir='ltr'><strong>sensim,</strong></span> <span class='ocrx_word' id='word_1_196' title='bbox 470 2247 523 2307; x_wconf 91' lang='lat' dir='ltr'><strong>sed</strong></span> <span class='ocrx_word' id='word_1_197' title='bbox 536 2249 624 2307; x_wconf 87' lang='lat' dir='ltr'><strong>citato</strong></span> <span class='ocrx_word' id='word_1_198' title='bbox 646 2247 740 2324; x_wconf 90' lang='lat' dir='ltr'><strong>gradu</strong></span> <span class='ocrx_word' id='word_1_199' title='bbox 760 2247 940 2309; x_wconf 87' lang='lat' dir='ltr'><strong>recedebant</strong></span> <span class='ocrx_word' id='word_1_200' title='bbox 968 2265 1025 2308; x_wconf 92' lang='lat' dir='ltr'><strong>nec</strong></span> <span class='ocrx_word' id='word_1_201' title='bbox 1053 2249 1213 2327; x_wconf 89' lang='lat' dir='ltr'><strong>quicquam</strong></span> <span class='ocrx_word' id='word_1_202' title='bbox 1239 2248 1325 2325; x_wconf 82' lang='lat' dir='ltr'><strong>rugae.</strong></span> <span class='ocrx_word' id='word_1_203' title='bbox 1350 2322 1353 2327; x_wconf 45' lang='grc'><em>,</em></span> 
     </span>
     <span class='ocr_line' id='line_1_24' title="bbox 164 2330 1346 2408; baseline 0.002 -18"><span class='ocrx_word' id='word_1_204' title='bbox 164 2333 221 2390; x_wconf 88' lang='lat' dir='ltr'><strong>nisi</strong></span> <span class='ocrx_word' id='word_1_205' title='bbox 243 2330 322 2407; x_wconf 93' lang='lat' dir='ltr'><strong>quod</strong></span> <span class='ocrx_word' id='word_1_206' title='bbox 346 2330 477 2389; x_wconf 90' lang='lat' dir='ltr'><strong>nondum</strong></span> <span class='ocrx_word' id='word_1_207' title='bbox 501 2337 583 2407; x_wconf 90' lang='lat' dir='ltr'><strong>terga</strong></span> <span class='ocrx_word' id='word_1_208' title='bbox 605 2336 770 2399; x_wconf 88' lang='lat' dir='ltr'><strong>verterant,</strong></span> <span class='ocrx_word' id='word_1_209' title='bbox 794 2330 906 2392; x_wconf 90' lang='lat' dir='ltr'><strong>deerat.</strong></span> <span class='ocrx_word' id='word_1_210' title='bbox 946 2333 1105 2393; x_wconf 89' lang='lat' dir='ltr'><strong>Parmenio</strong></span> <span class='ocrx_word' id='word_1_211' title='bbox 1128 2342 1230 2392; x_wconf 86' lang='lat' dir='ltr'><strong>tamen</strong></span> <span class='ocrx_word' id='word_1_212' title='bbox 1250 2332 1346 2408; x_wconf 78' lang='lat' dir='ltr'><strong>igne·-</strong></span> 
     </span>
     <span class='ocr_line' id='line_1_25' title="bbox 164 2413 1322 2495; baseline -0.001 -22"><span class='ocrx_word' id='word_1_213' title='bbox 164 2432 232 2482; x_wconf 91' lang='lat' dir='ltr'><strong>rus,</strong></span> <span class='ocrx_word' id='word_1_214' title='bbox 256 2430 400 2492; x_wconf 91' lang='lat' dir='ltr'><strong>quaenam</strong></span> <span class='ocrx_word' id='word_1_215' title='bbox 424 2415 453 2473; x_wconf 93' lang='lat' dir='ltr'><strong>in</strong></span> <span class='ocrx_word' id='word_1_216' title='bbox 477 2413 580 2474; x_wconf 88' lang='lat' dir='ltr'><strong>dextro</strong></span> <span class='ocrx_word' id='word_1_217' title='bbox 604 2432 699 2475; x_wconf 90' lang='lat' dir='ltr'><strong>cornu</strong></span> <span class='ocrx_word' id='word_1_218' title='bbox 721 2414 839 2476; x_wconf 88' lang='lat' dir='ltr'><strong>fortuna</strong></span> <span class='ocrx_word' id='word_1_219' title='bbox 861 2417 941 2494; x_wconf 89' lang='lat' dir='ltr'><strong>regis</strong></span> <span class='ocrx_word' id='word_1_220' title='bbox 964 2425 1056 2486; x_wconf 91' lang='lat' dir='ltr'><strong>esset,</strong></span> <span class='ocrx_word' id='word_1_221' title='bbox 1080 2419 1226 2495; x_wconf 89' lang='lat' dir='ltr'><strong>repressit</strong></span> <span class='ocrx_word' id='word_1_222' title='bbox 1248 2430 1322 2476; x_wconf 87' lang='lat' dir='ltr'><strong>suos:</strong></span> 
     </span>
    </p>

    <p class='ocr_par' dir='ltr' id='par_1_9' title="bbox 131 2492 1323 2728">
     <span class='ocr_line' id='line_1_26' title="bbox 131 2492 1323 2577; baseline 0.003 -25"><span class='ocrx_word' id='word_1_223' title='bbox 131 2499 299 2559; x_wconf 78' lang='lat' dir='ltr'><strong>tilazaeus</strong></span> <span class='ocrx_word' id='word_1_224' title='bbox 323 2497 391 2558; x_wconf 89' lang='lat' dir='ltr'><strong>dato</strong></span> <span class='ocrx_word' id='word_1_225' title='bbox 413 2499 501 2576; x_wconf 89' lang='lat' dir='ltr'><strong>fugae</strong></span> <span class='ocrx_word' id='word_1_226' title='bbox 524 2499 617 2577; x_wconf 89' lang='lat' dir='ltr'><strong>spatio</strong></span> <span class='ocrx_word' id='word_1_227' title='bbox 640 2516 700 2559; x_wconf 93' lang='lat' dir='ltr'><strong>non</strong></span> <span class='ocrx_word' id='word_1_228' title='bbox 723 2498 809 2560; x_wconf 91' lang='lat' dir='ltr'><strong>decto</strong></span> <span class='ocrx_word' id='word_1_229' title='bbox 833 2500 955 2569; x_wconf 89' lang='lat' dir='ltr'><strong>itincre,</strong></span> <span class='ocrx_word' id='word_1_230' title='bbox 979 2500 1031 2560; x_wconf 85' lang='lat' dir='ltr'><strong>sed</strong></span> <span class='ocrx_word' id='word_1_231' title='bbox 1054 2501 1168 2560; x_wconf 89' lang='lat' dir='ltr'><strong>maiore</strong></span> <span class='ocrx_word' id='word_1_232' title='bbox 1191 2509 1220 2561; x_wconf 93' lang='lat' dir='ltr'><strong>et</strong></span> <span class='ocrx_word' id='word_1_233' title='bbox 1243 2498 1281 2559; x_wconf 93' lang='lat' dir='ltr'><strong>ob</strong></span> <span class='ocrx_word' id='word_1_234' title='bbox 1298 2492 1323 2556; x_wconf 89' lang='lat' dir='ltr'><strong>id</strong></span> 
     </span>
     <span class='ocr_line' id='line_1_27' title="bbox 164 2576 1323 2663; baseline 0 -22"><span class='ocrx_word' id='word_1_235' title='bbox 164 2584 272 2643; x_wconf 92' lang='lat' dir='ltr'><strong>tutiore</strong></span> <span class='ocrx_word' id='word_1_236' title='bbox 294 2583 417 2642; x_wconf 88' lang='lat' dir='ltr'><strong>circuito</strong></span> <span class='ocrx_word' id='word_1_237' title='bbox 440 2582 541 2660; x_wconf 88' lang='lat' dir='ltr'><strong>Tigrin</strong></span> <span class='ocrx_word' id='word_1_238' title='bbox 571 2594 693 2660; x_wconf 90' lang='lat' dir='ltr'><strong>superat</strong></span> <span class='ocrx_word' id='word_1_239' title='bbox 715 2591 744 2643; x_wconf 90' lang='lat' dir='ltr'><strong>et</strong></span> <span class='ocrx_word' id='word_1_240' title='bbox 765 2583 955 2663; x_wconf 80' lang='lat' dir='ltr'><strong>Babyloniam</strong></span> <span class='ocrx_word' id='word_1_241' title='bbox 980 2602 1045 2643; x_wconf 93' lang='lat' dir='ltr'><strong>cum</strong></span> <span class='ocrx_word' id='word_1_242' title='bbox 1068 2583 1203 2663; x_wconf 89' lang='lat' dir='ltr'><strong>reliquiis</strong></span> <span class='ocrx_word' id='word_1_243' title='bbox 1231 2576 1323 2643; x_wconf 84' lang='lat' dir='ltr'><strong>devicti</strong></span> 
     </span>
     <span class='ocr_line' id='line_1_28' title="bbox 164 2668 433 2728; baseline 0.004 -2"><span class='ocrx_word' id='word_1_244' title='bbox 164 2668 314 2728; x_wconf 84' lang='lat' dir='ltr'><strong>exercitus</strong></span> <span class='ocrx_word' id='word_1_245' title='bbox 333 2668 433 2727; x_wconf 87' lang='lat' dir='ltr'><strong>intrat.</strong></span> 
     </span>
    </p>

    <p class='ocr_par' dir='ltr' id='par_1_10' title="bbox 129 2750 1322 2914">
     <span class='ocr_line' id='line_1_29' title="bbox 129 2750 1320 2829; baseline -0.005 -18"><span class='ocrx_word' id='word_1_246' title='bbox 129 2773 145 2822; x_wconf 76' lang='lat' dir='ltr'><strong>g</strong></span> <span class='ocrx_word' id='word_1_247' title='bbox 249 2751 362 2811; x_wconf 87' lang='lat' dir='ltr'><strong>Dareus</strong></span> <span class='ocrx_word' id='word_1_248' title='bbox 384 2752 488 2828; x_wconf 89' lang='lat' dir='ltr'><strong>paucis</strong></span> <span class='ocrx_word' id='word_1_249' title='bbox 509 2750 597 2828; x_wconf 88' lang='lat' dir='ltr'><strong>fugae</strong></span> <span class='ocrx_word' id='word_1_250' title='bbox 617 2751 776 2812; x_wconf 90' lang='lat' dir='ltr'><strong>comitibus</strong></span> <span class='ocrx_word' id='word_1_251' title='bbox 799 2751 834 2811; x_wconf 86' lang='lat' dir='ltr'><strong>ad</strong></span> <span class='ocrx_word' id='word_1_252' title='bbox 851 2751 961 2829; x_wconf 81' lang='lat' dir='ltr'><strong>Lycum</strong></span> <span class='ocrx_word' id='word_1_253' title='bbox 984 2768 1102 2812; x_wconf 82' lang='lat' dir='ltr'><strong>eumeni</strong></span> <span class='ocrx_word' id='word_1_254' title='bbox 1124 2750 1320 2813; x_wconf 74' lang='lat' dir='ltr'><strong>contendunt:</strong></span> 
     </span>
     <span class='ocr_line' id='line_1_30' title="bbox 165 2830 1322 2914; baseline 0 -21"><span class='ocrx_word' id='word_1_255' title='bbox 165 2853 224 2913; x_wconf 91' lang='lat' dir='ltr'><strong>quo</strong></span> <span class='ocrx_word' id='word_1_256' title='bbox 247 2836 372 2894; x_wconf 88' lang='lat' dir='ltr'><strong>traiecto</strong></span> <span class='ocrx_word' id='word_1_257' title='bbox 395 2835 549 2905; x_wconf 86' lang='lat' dir='ltr'><strong>dubitavit,</strong></span> <span class='ocrx_word' id='word_1_258' title='bbox 573 2852 611 2894; x_wconf 88' lang='lat' dir='ltr'><strong>au</strong></span> <span class='ocrx_word' id='word_1_259' title='bbox 626 2834 755 2895; x_wconf 89' lang='lat' dir='ltr'><strong>solveret</strong></span> <span class='ocrx_word' id='word_1_260' title='bbox 775 2844 911 2914; x_wconf 92' lang='lat' dir='ltr'><strong>pontem,</strong></span> <span class='ocrx_word' id='word_1_261' title='bbox 936 2837 1045 2914; x_wconf 90' lang='lat' dir='ltr'><strong>quippe</strong></span> <span class='ocrx_word' id='word_1_262' title='bbox 1067 2834 1186 2896; x_wconf 90' lang='lat' dir='ltr'><strong>hostem</strong></span> <span class='ocrx_word' id='word_1_263' title='bbox 1208 2838 1267 2896; x_wconf 90' lang='lat' dir='ltr'><strong>iam</strong></span> <span class='ocrx_word' id='word_1_264' title='bbox 1281 2830 1322 2894; x_wconf 89' lang='lat' dir='ltr'><strong>ad·</strong></span> 
     </span>
    </p>
   </div>
   <div class='ocr_carea' id='block_1_4' title="bbox 367 3040 1368 3172">
    <p class='ocr_par' dir='ltr' id='par_1_11' title="bbox 367 3040 1368 3172">
     <span class='ocr_line' id='line_1_31' title="bbox 367 3040 1368 3128; baseline -0.021 -15"><span class='ocrx_word' id='word_1_265' title='bbox 367 3076 424 3128; x_wconf 62' lang='lat' dir='ltr'><strong>c„</strong></span> <span class='ocrx_word' id='word_1_266' title='bbox 446 3077 511 3128; x_wconf 70' lang='lat' dir='ltr'><strong>XVI</strong></span> <span class='ocrx_word' id='word_1_267' title='bbox 776 3059 810 3096; x_wconf 85' lang='lat' dir='ltr'><strong>zu</strong></span> <span class='ocrx_word' id='word_1_268' title='bbox 822 3040 977 3109; x_wconf 65' lang='lat' dir='ltr'><strong>{verbinden</strong></span> <span class='ocrx_word' id='word_1_269' title='bbox 992 3041 1047 3120; x_wconf 79' lang='lat' dir='ltr'><strong>wie</strong></span> <span class='ocrx_word' id='word_1_270' title='bbox 1063 3041 1235 3121; x_wconf 72' lang='lat' dir='ltr'><strong>elanguerat</strong></span> <span class='ocrx_word' id='word_1_271' title='bbox 1247 3042 1324 3110; x_wconf 84' lang='lat' dir='ltr'><strong>fauor</strong></span> <span class='ocrx_word' id='word_1_272' title='bbox 1356 3084 1368 3097; x_wconf 85' lang='grc'><strong>.,</strong></span> 
     </span>
     <span class='ocr_line' id='line_1_32' title="bbox 427 3107 1325 3172; baseline -0.013 2"><span class='ocrx_word' id='word_1_273' title='bbox 427 3114 433 3130; x_wconf 84' lang='grc'>’</span> <span class='ocrx_word' id='word_1_274' title='bbox 513 3117 520 3129; x_wconf 82' lang='grc'><strong><em>’</em></strong></span> <span class='ocrx_word' id='word_1_275' title='bbox 776 3107 1130 3172; x_wconf 77' lang='lat' dir='ltr'><strong>10.⁷.13,weuun1chtd.</strong></span> <span class='ocrx_word' id='word_1_276' title='bbox 1147 3110 1325 3165; x_wconf 84' lang='lat' dir='ltr'><strong>hrerwleau·</strong></span> 
     </span>
    </p>
   </div>
   <div class='ocr_carea' id='block_1_5' title="bbox 163 3174 1368 3310">
    <p class='ocr_par' dir='ltr' id='par_1_12' title="bbox 163 3174 1368 3310">
     <span class='ocr_line' id='line_1_33' title="bbox 199 3174 1368 3268; baseline 0 -41"><span class='ocrx_word' id='word_1_277' title='bbox 199 3180 221 3231; x_wconf 92' lang='lat'><strong>1.</strong></span> <span class='ocrx_word' id='word_1_278' title='bbox 251 3182 329 3232; x_wconf 84' lang='lat' dir='ltr'><strong>ante</strong></span> <span class='ocrx_word' id='word_1_279' title='bbox 355 3183 408 3231; x_wconf 83' lang='lat' dir='ltr'><strong>eat</strong></span> <span class='ocrx_word' id='word_1_280' title='bbox 433 3177 572 3254; x_wconf 81' lang='lat' dir='ltr'><strong>dictam,</strong></span> <span class='ocrx_word' id='word_1_281' title='bbox 602 3175 723 3231; x_wconf 81' lang='lat' dir='ltr'><strong>diuselba</strong></span> <span class='ocrx_word' id='word_1_282' title='bbox 776 3176 910 3231; x_wconf 78' lang='lat' dir='ltr'><strong>derwerts</strong></span> <span class='ocrx_word' id='word_1_283' title='bbox 927 3174 1327 3243; x_wconf 78' lang='lat' dir='ltr'><strong>geschriebenhatz&#39;auspaa</strong></span> <span class='ocrx_word' id='word_1_284' title='bbox 1352 3204 1368 3268; x_wconf 31' lang='lat' dir='ltr'><strong>&#39;q</strong></span> 
     </span>
     <span class='ocr_line' id='line_1_34' title="bbox 163 3240 1368 3310; baseline -0.001 -14"><span class='ocrx_word' id='word_1_285' title='bbox 163 3242 369 3309; x_wconf 87' lang='lat' dir='ltr'><strong>Wortstellung</strong></span> <span class='ocrx_word' id='word_1_286' title='bbox 383 3247 405 3298; x_wconf 78' lang='lat' dir='ltr'><strong>l.</strong></span> <span class='ocrx_word' id='word_1_287' title='bbox 418 3247 442 3298; x_wconf 78' lang='lat'><strong>2.</strong></span> <span class='ocrx_word' id='word_1_288' title='bbox 455 3247 486 3304; x_wconf 78' lang='lat'><strong>2;</strong></span> <span class='ocrx_word' id='word_1_289' title='bbox 500 3241 553 3297; x_wconf 83' lang='lat' dir='ltr'><strong>Cic.</strong></span> <span class='ocrx_word' id='word_1_290' title='bbox 565 3241 639 3299; x_wconf 88' lang='lat' dir='ltr'><strong>Lael.</strong></span> <span class='ocrx_word' id='word_1_291' title='bbox 653 3246 677 3298; x_wconf 91' lang='lat'><strong>8.</strong></span> <span class='ocrx_word' id='word_1_292' title='bbox 774 3243 953 3310; x_wconf 68' lang='lat' dir='ltr'><strong>languentes,</strong></span> <span class='ocrx_word' id='word_1_293' title='bbox 964 3260 985 3297; x_wconf 90' lang='lat' dir='ltr'><strong>s.</strong></span> <span class='ocrx_word' id='word_1_294' title='bbox 996 3246 1065 3298; x_wconf 78' lang='lat' dir='ltr'><strong>loa.</strong></span> <span class='ocrx_word' id='word_1_295' title='bbox 1088 3241 1164 3298; x_wconf 83' lang='lat' dir='ltr'><strong>llocb</strong></span> <span class='ocrx_word' id='word_1_296' title='bbox 1177 3260 1200 3301; x_wconf 89' lang='lat' dir='ltr'><strong>s.</strong></span> <span class='ocrx_word' id='word_1_297' title='bbox 1212 3248 1239 3299; x_wconf 86' lang='lat'><strong>8.</strong></span> <span class='ocrx_word' id='word_1_298' title='bbox 1252 3240 1327 3298; x_wconf 80' lang='lat' dir='ltr'><strong>13.1t</strong></span> <span class='ocrx_word' id='word_1_299' title='bbox 1364 3286 1368 3295; x_wconf 92' lang='lat'>.</span> 
     </span>
    </p>
   </div>
   <div class='ocr_carea' id='block_1_6' title="bbox 197 3309 1368 3478">
    <p class='ocr_par' dir='ltr' id='par_1_13' title="bbox 197 3309 1368 3478">
     <span class='ocr_line' id='line_1_35' title="bbox 198 3309 1368 3394; baseline -0.019 -11"><span class='ocrx_word' id='word_1_300' title='bbox 198 3330 222 3379; x_wconf 77' lang='lat'><strong>2.</strong></span> <span class='ocrx_word' id='word_1_301' title='bbox 236 3329 318 3381; x_wconf 84' lang='lat' dir='ltr'><strong>sisti</strong></span> <span class='ocrx_word' id='word_1_302' title='bbox 327 3326 439 3394; x_wconf 78' lang='lat' dir='ltr'><strong>saraam,</strong></span> <span class='ocrx_word' id='word_1_303' title='bbox 454 3326 509 3381; x_wconf 91' lang='lat' dir='ltr'><strong>wie</strong></span> <span class='ocrx_word' id='word_1_304' title='bbox 520 3325 576 3382; x_wconf 88' lang='lat' dir='ltr'><strong>Liv.</strong></span> <span class='ocrx_word' id='word_1_305' title='bbox 590 3330 631 3381; x_wconf 90' lang='lat'><strong>30.</strong></span> <span class='ocrx_word' id='word_1_306' title='bbox 645 3329 685 3381; x_wconf 82' lang='lat'><strong>12.</strong></span> <span class='ocrx_word' id='word_1_307' title='bbox 699 3332 721 3381; x_wconf 82' lang='lat'><strong>1,</strong></span> <span class='ocrx_word' id='word_1_308' title='bbox 774 3312 844 3377; x_wconf 77' lang='lat' dir='ltr'><strong>eria-</strong></span> <span class='ocrx_word' id='word_1_309' title='bbox 854 3311 997 3377; x_wconf 78' lang='lat' dir='ltr'><strong>fiduciam.</strong></span> <span class='ocrx_word' id='word_1_310' title='bbox 1012 3337 1046 3347; x_wconf 89' lang='lat'>-</span> <span class='ocrx_word' id='word_1_311' title='bbox 1054 3325 1243 3391; x_wconf 71' lang='lat' dir='ltr'><strong>proruere,</strong></span> <span class='ocrx_word' id='word_1_312' title='bbox 1259 3309 1327 3388; x_wconf 52' lang='lat' dir='ltr'><strong>bray</strong></span> <span class='ocrx_word' id='word_1_313' title='bbox 1364 3380 1368 3387; x_wconf 30' lang='grc' dir='ltr'>Ι</span> 
     </span>
     <span class='ocr_line' id='line_1_36' title="bbox 197 3377 1328 3478; baseline -0.033 -18"><span class='ocrx_word' id='word_1_314' title='bbox 197 3414 221 3463; x_wconf 87' lang='grc'><strong>3.</strong></span> <span class='ocrx_word' id='word_1_315' title='bbox 247 3410 448 3478; x_wconf 56' lang='lat' dir='ltr'><strong><em>refrenare,</em></strong></span> <span class='ocrx_word' id='word_1_316' title='bbox 474 3409 664 3465; x_wconf 49' lang='lat' dir='ltr'><strong>campen,</strong></span> <span class='ocrx_word' id='word_1_317' title='bbox 688 3433 722 3454; x_wconf 50' lang='grc' dir='ltr'>ἓ</span> <span class='ocrx_word' id='word_1_318' title='bbox 775 3378 856 3432; x_wconf 90' lang='lat' dir='ltr'><strong>chen</strong></span> <span class='ocrx_word' id='word_1_319' title='bbox 873 3377 1010 3441; x_wconf 90' lang='lat' dir='ltr'><strong>hervor,</strong></span> <span class='ocrx_word' id='word_1_320' title='bbox 1028 3377 1328 3442; x_wconf 71' lang='lat' dir='ltr'><strong>sturztenlos‚wm</strong></span> 
     </span>
    </p>
   </div>
   <div class='ocr_carea' id='block_1_7' title="bbox 161 3440 1331 3712">
    <p class='ocr_par' dir='ltr' id='par_1_14' title="bbox 161 3440 1331 3712">
     <span class='ocr_line' id='line_1_37' title="bbox 161 3440 1331 3612; baseline -0.038 -16"><span class='ocrx_word' id='word_1_321' title='bbox 161 3475 722 3612; x_wconf 61' lang='lat' dir='ltr'><strong>alternarqgmgggpgr</strong></span> <span class='ocrx_word' id='word_1_322' title='bbox 769 3440 1331 3591; x_wconf 60' lang='lat' dir='ltr'><strong>laetate.-talernaculum.</strong></span> 
     </span>
     <span class='ocr_line' id='line_1_38' title="bbox 163 3576 1331 3712; baseline -0.017 7"><span class='ocrx_word' id='word_1_323' title='bbox 163 3588 325 3674; x_wconf 48' lang='lat' dir='ltr'><strong>Pelet*</strong></span> <span class='ocrx_word' id='word_1_324' title='bbox 338 3627 455 3679; x_wconf 57' lang='lat' dir='ltr'><strong>“acet</strong></span> <span class='ocrx_word' id='word_1_325' title='bbox 471 3633 505 3653; x_wconf 87' lang='grc'><strong>·-·</strong></span> <span class='ocrx_word' id='word_1_326' title='bbox 522 3610 569 3666; x_wconf 68' lang='lat'><strong>‘¹³⁸</strong></span> <span class='ocrx_word' id='word_1_327' title='bbox 586 3586 720 3666; x_wconf 57' lang='lat' dir='ltr'><strong>treet?</strong></span> <span class='ocrx_word' id='word_1_328' title='bbox 772 3576 1331 3712; x_wconf 60' lang='lat' dir='ltr'><strong>trattlrttteaebatteeti</strong></span> 
     </span>
    </p>
   </div>
   <div class='ocr_carea' id='block_1_8' title="bbox 163 3676 1333 3835">
    <p class='ocr_par' dir='ltr' id='par_1_15' title="bbox 163 3676 1333 3835">
     <span class='ocr_line' id='line_1_39' title="bbox 163 3676 1333 3835; baseline 0.022 -103"><span class='ocrx_word' id='word_1_329' title='bbox 163 3679 300 3742; x_wconf 82' lang='lat' dir='ltr'><strong>(constitit</strong></span> <span class='ocrx_word' id='word_1_330' title='bbox 312 3677 423 3800; x_wconf 64' lang='lat' dir='ltr'><strong>eiqentl.</strong></span> <span class='ocrx_word' id='word_1_331' title='bbox 436 3695 471 3733; x_wconf 92' lang='lat' dir='ltr'><strong>zu</strong></span> <span class='ocrx_word' id='word_1_332' title='bbox 484 3676 593 3744; x_wconf 85' lang='lat' dir='ltr'><strong>iassen).</strong></span> <span class='ocrx_word' id='word_1_333' title='bbox 606 3706 640 3717; x_wconf 89' lang='lat'>-</span> <span class='ocrx_word' id='word_1_334' title='bbox 652 3681 720 3734; x_wconf 83' lang='lat' dir='ltr'><strong>eri·</strong></span> <span class='ocrx_word' id='word_1_335' title='bbox 772 3714 838 3768; x_wconf 41' lang='lat' dir='ltr'><strong>Aen·</strong></span> <span class='ocrx_word' id='word_1_336' title='bbox 849 3716 992 3768; x_wconf 78' lang='lat'><strong>10.379.-</strong></span> <span class='ocrx_word' id='word_1_337' title='bbox 1001 3713 1108 3782; x_wconf 60' lang='lat' dir='ltr'><strong>sum</strong></span> <span class='ocrx_word' id='word_1_338' title='bbox 1124 3711 1171 3767; x_wconf 60' lang='lat' dir='ltr'><strong>sgr</strong></span> <span class='ocrx_word' id='word_1_339' title='bbox 1183 3712 1333 3835; x_wconf 49' lang='lat' dir='ltr'><strong>aalma»</strong></span> 
     </span>
    </p>
   </div>
   <div class='ocr_carea' id='block_1_9' title="bbox 158 3749 1334 3969">
    <p class='ocr_par' dir='ltr' id='par_1_16' title="bbox 158 3749 1334 3969">
     <span class='ocr_line' id='line_1_40' title="bbox 158 3749 1334 3969; baseline -0.003 -101"><span class='ocrx_word' id='word_1_340' title='bbox 158 3749 720 3876; x_wconf 53' lang='lat' dir='ltr'><strong>attuatttaltmttttnilael</strong></span> <span class='ocrx_word' id='word_1_341' title='bbox 771 3778 1230 3969; x_wconf 53' lang='lat' dir='ltr'><strong>§gg-gg·gggngieur‘</strong></span> <span class='ocrx_word' id='word_1_342' title='bbox 1248 3776 1334 3836; x_wconf 63' lang='lat' dir='ltr'><strong>,aaa</strong></span> 
     </span>
    </p>
   </div>
   <div class='ocr_carea' id='block_1_10' title="bbox 163 3847 1333 3982">
    <p class='ocr_par' dir='ltr' id='par_1_17' title="bbox 163 3847 1333 3982">
     <span class='ocr_line' id='line_1_41' title="bbox 163 3847 1333 3982; baseline -0.02 -47"><span class='ocrx_word' id='word_1_343' title='bbox 163 3881 299 3948; x_wconf 86' lang='lat' dir='ltr'><strong>schweigt</strong></span> <span class='ocrx_word' id='word_1_344' title='bbox 312 3879 353 3943; x_wconf 88' lang='lat' dir='ltr'><strong>C.;</strong></span> <span class='ocrx_word' id='word_1_345' title='bbox 367 3897 389 3936; x_wconf 87' lang='lat' dir='ltr'><strong>s.</strong></span> <span class='ocrx_word' id='word_1_346' title='bbox 403 3881 472 3936; x_wconf 87' lang='lat' dir='ltr'><strong>auch</strong></span> <span class='ocrx_word' id='word_1_347' title='bbox 484 3887 571 3935; x_wconf 91' lang='lat' dir='ltr'><strong>unten</strong></span> <span class='ocrx_word' id='word_1_348' title='bbox 583 3880 609 3946; x_wconf 78' lang='lat'><strong>8.</strong></span> <span class='ocrx_word' id='word_1_349' title='bbox 624 3885 664 3933; x_wconf 86' lang='grc'><strong>16.</strong></span> <span class='ocrx_word' id='word_1_350' title='bbox 773 3938 807 3958; x_wconf 75' lang='lat'>=</span> <span class='ocrx_word' id='word_1_351' title='bbox 818 3914 901 3977; x_wconf 43' lang='lat' dir='ltr'><strong>zen,</strong></span> <span class='ocrx_word' id='word_1_352' title='bbox 917 3913 1063 3982; x_wconf 47' lang='grc' dir='ltr'><strong>(ΜΕΝ</strong></span> <span class='ocrx_word' id='word_1_353' title='bbox 1086 3847 1333 3977; x_wconf 37' lang='lat' dir='ltr'><strong>{gf-gigaat)</strong></span> 
     </span>
    </p>
   </div>
   <div class='ocr_carea' id='block_1_11' title="bbox 196 3962 1334 4049">
    <p class='ocr_par' dir='ltr' id='par_1_18' title="bbox 196 3962 1334 4049">
     <span class='ocr_line' id='line_1_42' title="bbox 196 3962 1334 4049; baseline 0.003 -17"><span class='ocrx_word' id='word_1_354' title='bbox 196 3962 722 4043; x_wconf 63' lang='lat' dir='ltr'><strong>a.paratam,‹sernerearteiewte</strong></span> <span class='ocrx_word' id='word_1_355' title='bbox 774 3980 835 4036; x_wconf 85' lang='lat' dir='ltr'><strong>lach</strong></span> <span class='ocrx_word' id='word_1_356' title='bbox 852 3982 1059 4047; x_wconf 77' lang='lat' dir='ltr'><strong>spatiumaare</strong></span> <span class='ocrx_word' id='word_1_357' title='bbox 1075 3996 1099 4035; x_wconf 89' lang='lat' dir='ltr'><strong>a.</strong></span> <span class='ocrx_word' id='word_1_358' title='bbox 1116 3989 1208 4048; x_wconf 88' lang='lat' dir='ltr'><strong>genet.</strong></span> <span class='ocrx_word' id='word_1_359' title='bbox 1227 3996 1285 4049; x_wconf 85' lang='lat' dir='ltr'><strong>ger.</strong></span> <span class='ocrx_word' id='word_1_360' title='bbox 1304 3979 1334 4035; x_wconf 87' lang='lat' dir='ltr'><strong>iu</strong></span> 
     </span>
    </p>
   </div>
   <div class='ocr_carea' id='block_1_12' title="bbox 161 4034 1334 4181">
    <p class='ocr_par' dir='ltr' id='par_1_19' title="bbox 161 4034 1334 4181">
     <span class='ocr_line' id='line_1_43' title="bbox 161 4034 1166 4129; baseline 0.013 -45"><span class='ocrx_word' id='word_1_361' title='bbox 161 4034 193 4084; x_wconf 83' lang='lat' dir='ltr'><strong>in</strong></span> <span class='ocrx_word' id='word_1_362' title='bbox 208 4038 307 4097; x_wconf 84' lang='lat' dir='ltr'><strong>partas</strong></span> <span class='ocrx_word' id='word_1_363' title='bbox 323 4037 449 4113; x_wconf 55' lang='lat'><strong>8.13.†</strong></span> <span class='ocrx_word' id='word_1_364' title='bbox 465 4035 649 4112; x_wconf 69' lang='lat' dir='ltr'><strong>remissae,</strong></span> <span class='ocrx_word' id='word_1_365' title='bbox 667 4047 721 4087; x_wconf 89' lang='lat' dir='ltr'><strong>wre</strong></span> <span class='ocrx_word' id='word_1_366' title='bbox 774 4048 909 4115; x_wconf 65' lang='lat' dir='ltr'><strong>gleichem</strong></span> <span class='ocrx_word' id='word_1_367' title='bbox 922 4047 1005 4129; x_wconf 63' lang='lat' dir='ltr'><strong>sique</strong></span> <span class='ocrx_word' id='word_1_368' title='bbox 1017 4047 1062 4103; x_wconf 72' lang='lat' dir='ltr'><strong>bei</strong></span> <span class='ocrx_word' id='word_1_369' title='bbox 1075 4046 1166 4105; x_wconf 64' lang='lat' dir='ltr'><strong>casn.</strong></span> 
     </span>
     <span class='ocr_line' id='line_1_44' title="bbox 163 4097 1334 4181; baseline 0.009 -30"><span class='ocrx_word' id='word_1_370' title='bbox 163 4113 231 4153; x_wconf 88' lang='lat' dir='ltr'><strong>rem.</strong></span> <span class='ocrx_word' id='word_1_371' title='bbox 248 4099 375 4156; x_wconf 77' lang='lat' dir='ltr'><strong>habenae</strong></span> <span class='ocrx_word' id='word_1_372' title='bbox 393 4099 437 4155; x_wconf 89' lang='lat' dir='ltr'><strong>ber</strong></span> <span class='ocrx_word' id='word_1_373' title='bbox 455 4099 508 4154; x_wconf 81' lang='lat' dir='ltr'><strong>Cic.</strong></span> <span class='ocrx_word' id='word_1_374' title='bbox 539 4097 623 4154; x_wconf 90' lang='lat' dir='ltr'><strong>Sonst</strong></span> <span class='ocrx_word' id='word_1_375' title='bbox 636 4113 721 4166; x_wconf 87' lang='lat' dir='ltr'><strong>sagen</strong></span> <span class='ocrx_word' id='word_1_376' title='bbox 807 4119 831 4170; x_wconf 56' lang='lat'><strong>7,</strong></span> <span class='ocrx_word' id='word_1_377' title='bbox 853 4120 885 4169; x_wconf 62' lang='lat' dir='ltr'><strong>et</strong></span> <span class='ocrx_word' id='word_1_378' title='bbox 906 4116 942 4170; x_wconf 68' lang='lat' dir='ltr'><strong>op</strong></span> <span class='ocrx_word' id='word_1_379' title='bbox 962 4117 1010 4181; x_wconf 59' lang='lat' dir='ltr'><strong>m,</strong></span> <span class='ocrx_word' id='word_1_380' title='bbox 1031 4114 1101 4171; x_wconf 65' lang='lat' dir='ltr'><strong>auch</strong></span> <span class='ocrx_word' id='word_1_381' title='bbox 1118 4115 1146 4181; x_wconf 74' lang='grc' dir='ltr'><strong>ς,</strong></span> <span class='ocrx_word' id='word_1_382' title='bbox 1159 4119 1207 4177; x_wconf 78' lang='lat'><strong>23;</strong></span> <span class='ocrx_word' id='word_1_383' title='bbox 1227 4112 1334 4172; x_wconf 65' lang='lat' dir='ltr'><strong>elapso</strong></span> 
     </span>
    </p>
   </div>
   <div class='ocr_carea' id='block_1_13' title="bbox 161 4164 1335 4384">
    <p class='ocr_par' dir='ltr' id='par_1_20' title="bbox 161 4164 1335 4384">
     <span class='ocr_line' id='line_1_45' title="bbox 163 4164 1332 4251; baseline 0 -18"><span class='ocrx_word' id='word_1_384' title='bbox 163 4164 299 4246; x_wconf 60' lang='lat' dir='ltr'><strong>classina</strong></span> <span class='ocrx_word' id='word_1_385' title='bbox 314 4166 401 4247; x_wconf 71' lang='lat' dir='ltr'><strong>lteher</strong></span> <span class='ocrx_word' id='word_1_386' title='bbox 417 4166 538 4222; x_wconf 82' lang='lat' dir='ltr'><strong>neutral:</strong></span> <span class='ocrx_word' id='word_1_387' title='bbox 561 4167 652 4232; x_wconf 80' lang='lat' dir='ltr'><strong>dolor,</strong></span> <span class='ocrx_word' id='word_1_388' title='bbox 669 4168 720 4220; x_wconf 76' lang='lat' dir='ltr'><strong>sm·</strong></span> <span class='ocrx_word' id='word_1_389' title='bbox 772 4180 1274 4251; x_wconf 70' lang='lat' dir='ltr'><strong>latophonischwiecaedentium.</strong></span> <span class='ocrx_word' id='word_1_390' title='bbox 1287 4185 1332 4234; x_wconf 78' lang='lat' dir='ltr'><strong>aa.</strong></span> 
     </span>
     <span class='ocr_line' id='line_1_46' title="bbox 161 4233 1335 4315; baseline 0.003 -13"><span class='ocrx_word' id='word_1_391' title='bbox 161 4233 212 4288; x_wconf 63' lang='lat'><strong>²18²*</strong></span> <span class='ocrx_word' id='word_1_392' title='bbox 224 4237 348 4288; x_wconf 60' lang='lat' dir='ltr'><strong>remittet.</strong></span> <span class='ocrx_word' id='word_1_393' title='bbox 806 4253 831 4303; x_wconf 86' lang='lat'><strong>8.</strong></span> <span class='ocrx_word' id='word_1_394' title='bbox 855 4249 978 4315; x_wconf 77' lang='lat' dir='ltr'><strong>Lacum</strong></span> <span class='ocrx_word' id='word_1_395' title='bbox 994 4267 1017 4305; x_wconf 89' lang='lat' dir='ltr'><strong>s.</strong></span> <span class='ocrx_word' id='word_1_396' title='bbox 1029 4253 1053 4302; x_wconf 85' lang='grc'><strong>9.</strong></span> <span class='ocrx_word' id='word_1_397' title='bbox 1071 4254 1099 4311; x_wconf 82' lang='grc'><strong>9;</strong></span> <span class='ocrx_word' id='word_1_398' title='bbox 1125 4249 1263 4305; x_wconf 83' lang='lat' dir='ltr'><strong>videbat</strong></span> <span class='ocrx_word' id='word_1_399' title='bbox 1280 4257 1335 4305; x_wconf 72' lang='lat' dir='ltr'><strong>etc·</strong></span> 
     </span>
     <span class='ocr_line' id='line_1_47' title="bbox 197 4315 1334 4384; baseline 0.004 -16"><span class='ocrx_word' id='word_1_400' title='bbox 197 4321 220 4371; x_wconf 81' lang='grc'><strong>6.</strong></span> <span class='ocrx_word' id='word_1_401' title='bbox 233 4317 438 4384; x_wconf 78' lang='lat' dir='ltr'><strong>loraauentes</strong></span> <span class='ocrx_word' id='word_1_402' title='bbox 450 4318 586 4373; x_wconf 87' lang='lat' dir='ltr'><strong>wabrscb.</strong></span> <span class='ocrx_word' id='word_1_403' title='bbox 599 4317 721 4384; x_wconf 79' lang='lat' dir='ltr'><strong>mitspes</strong></span> <span class='ocrx_word' id='word_1_404' title='bbox 773 4315 845 4371; x_wconf 86' lang='lat' dir='ltr'><strong>Gauz</strong></span> <span class='ocrx_word' id='word_1_405' title='bbox 855 4316 980 4373; x_wconf 81' lang='lat' dir='ltr'><strong>desselbe</strong></span> <span class='ocrx_word' id='word_1_406' title='bbox 992 4315 1130 4374; x_wconf 89' lang='lat' dir='ltr'><strong>bericbtet</strong></span> <span class='ocrx_word' id='word_1_407' title='bbox 1140 4316 1233 4374; x_wconf 88' lang='lat' dir='ltr'><strong>lustin</strong></span> <span class='ocrx_word' id='word_1_408' title='bbox 1243 4320 1334 4373; x_wconf 73' lang='lat' dir='ltr'><strong>ltu.</strong></span> 
     </span>
    </p>
   </div>
   <div class='ocr_carea' id='block_1_14' title="bbox 0 0 1380 4776">
    <p class='ocr_par' dir='ltr' id='par_1_21' title="bbox 0 0 1380 4776">
     <span class='ocr_line' id='line_1_48' title="bbox 0 0 1380 4776; baseline 0 0"><span class='ocrx_word' id='word_1_409' title='bbox 0 0 1380 4776; x_wconf 95' lang='lat' dir='ltr'><strong> </strong></span> 
     </span>
    </p>
   </div>
  </div>
 </body>
</html>
