2752 4776
329 246 571 295 ursromuauu
592 247 800 295 suessorum
821 248 901 306 vur,
925 246 951 296 c.
1165 233 1224 297 127

51 420 90 463 ac
110 418 219 463 somno
242 404 372 464 excitant
393 420 504 479 regem.
550 401 603 461 llle
626 401 766 481 paulatim
789 411 889 463 mente
912 400 1048 473 collecta,
1078 404 1148 483 quid
1172 404 1223 464 ad·

50 487 179 556 ferrent,
203 486 376 564 interrogat.
416 486 477 547 Nec
500 494 656 547 cunctatus
670 484 855 564 Eurylochus
879 505 938 546 non
961 505 997 547 ex
1020 496 1081 548 toto
1104 489 1224 549 domum
1242 506 1277 556 23

50 588 138 634 suam
162 573 292 631 aversari
314 571 386 631 deos
409 571 495 641 dixit,
526 574 595 650 quia
625 570 716 630 frater
743 573 852 648 ipsius,
888 587 1066 651 quamquam
1100 574 1224 652 impium

50 654 171 717 facilius
201 673 289 715 ausus
314 656 407 725 foret,
437 666 534 715 tamen
564 664 593 714 et
620 656 830 733 paenitentiam
855 656 918 715 eius
941 664 1043 732 ageret
1065 665 1094 716 et
1116 675 1170 736 per
1192 674 1224 716 se

50 742 243 820 potissimum
264 740 456 818 profiteretur
477 740 630 800 indicium.
668 739 702 799 ln
726 757 791 799 eam
813 741 907 818 ipsam
929 748 1058 809 noctem,
1081 759 1157 820 quae
1173 742 1224 801 de·

50 822 191 893 cederet,
222 822 343 885 insidias
371 832 545 901 conparatas
573 823 679 892 fuisse,
710 831 846 884 auctores
868 823 986 884 scelesti
1010 825 1125 884 consilii
1148 843 1223 895 esse,

10 917 16 940 ’·
50 924 128 987 quos
151 908 274 969 minime
297 907 434 969 crederet
456 924 519 967 rex.
556 906 631 967 Tum
650 908 809 986 Epimenes
832 915 939 970 cuncta
962 908 1066 969 ordine
1089 911 1222 971 conscio·
1242 926 1276 975 24

49 1010 182 1071 rumque
205 995 324 1053 nomina
347 991 479 1071 exponit.
524 990 725 1052 Callisthenen
749 1010 808 1052 non
830 1000 864 1052 ut
886 994 1061 1071 participem
1084 994 1223 1053 facinoris

49 1078 238 1139 nominatum
261 1094 325 1137 esse
347 1076 510 1144 constabat,
532 1076 584 1136 sed
609 1075 727 1138 solitum
751 1094 914 1155 puerorum
937 1076 1125 1137 sermonibus
1146 1081 1222 1138 vitu·
1276 1125 1280 1131 .

10 1149 20 1200 l
49 1163 224 1242 parantium
247 1162 528 1238 criminantiumque
550 1178 652 1238 regem
676 1157 777 1221 faciles
800 1177 887 1221 aures
902 1160 1058 1240 praebere.
1097 1161 1223 1232 Quidam
1241 1178 1273 1226 25

11 1258 19 1270 ·
50 1245 192 1315 adiciunt,
217 1264 285 1305 cum
308 1244 484 1305 Hermolaus
507 1243 585 1322 apud
609 1264 677 1305 eum
699 1262 818 1324 quoque
840 1245 1030 1306 verberatum
1054 1264 1086 1306 se
1109 1264 1125 1305 a
1150 1264 1222 1323 rege

51 1336 247 1411 quereretur,
277 1329 386 1390 dixisse
409 1328 624 1399 Callisthenen,
654 1331 824 1389 meminisse
847 1328 956 1392 debere
980 1348 1031 1391 eos
1057 1332 1117 1391 iarn
1145 1332 1223 1391 viros

52 1430 134 1477 esse:
168 1413 261 1495 idque
289 1414 324 1475 ad
354 1414 563 1475 consolandam
584 1414 756 1493 patientiam
784 1411 942 1476 verberum
972 1433 1009 1475 an
1033 1415 1069 1474 ad
1097 1417 1222 1476 incitan-

10 1565 14 1576 ,
50 1498 123 1561 dum
145 1500 287 1559 iuvenum
311 1497 443 1559 dolorem
466 1498 578 1558 dictum
601 1506 686 1568 esset,
710 1498 740 1557 iu
763 1497 901 1575 ambiguo
917 1500 1016 1561 fuisse.
1054 1500 1117 1560 Rex
1133 1502 1222 1559 animi
1240 1516 1273 1566 26

10 1577 21 1652 l
50 1584 249 1662 corporisque
265 1601 373 1662 soporo
389 1583 533 1651 discusso,
558 1601 626 1642 cum
642 1583 716 1643 tanti
732 1581 866 1659 periculi,
890 1604 950 1664 quo
966 1591 1108 1653 evaserat,
1124 1586 1223 1661 imago

10 1659 24 1746 l
50 1668 148 1729 oculis
170 1666 334 1736 oberraret,
359 1665 558 1745 Eurylochum
581 1689 600 1727 n
623 1664 741 1726 talentis
764 1676 794 1727 et
816 1669 969 1729 cuiusdam
985 1669 1126 1729 Tiridatis
1149 1687 1222 1747 opu·

17 1749 25 1814 .'
49 1752 141 1813 lentis
164 1750 251 1813 bouis
273 1754 410 1829 protinus
433 1751 524 1812 donat
545 1750 741 1830 fratremque,
772 1760 929 1830 antequam
951 1770 1007 1832 pro
1035 1752 1128 1813 salute
1158 1756 1222 1814 eius

10 1837 23 1919 ,ἒ
49 1844 239 1917 precaretur,
261 1836 400 1897 restituit.
443 1836 570 1896 Sceleris
593 1844 692 1895 autem
715 1843 861 1905 auctores,
884 1837 963 1896 inter
979 1855 1054 1915 quos
1069 1836 1221 1897 Callisthe·
1239 1853 1273 1901 27

51 1938 122 1990 neu,
145 1922 261 1981 riuetos
283 1920 432 1982 adservari
454 1918 553 1981 iubet:
578 1918 686 1997 quibus
707 1921 737 1978 in
760 1922 871 1995 regiam
896 1921 1028 1981 adductis
1052 1928 1113 1979 toto
1130 1920 1177 1980 die
1193 1928 1223 1980 et

10 1991 146 2074 ltnoete
165 2005 298 2083 proxima
322 2024 405 2066 mero
428 2023 462 2065 ao
483 2003 591 2081 vigiliis
613 2005 712 2082 gravis
734 2003 891 2080 adquievit.
936 2005 1058 2064 Postero
1092 2002 1219 2083 [autern]
1238 2020 1272 2069 28

49 2090 196 2167 frequens
216 2088 373 2152 consilinm
396 2088 545 2157 adhibuit,
580 2090 628 2150 cui
649 2097 749 2167 patres
780 2089 1001 2167 propinquique
1030 2105 1148 2158 eorum,
1184 2088 1220 2147 de

13 2183 23 2254 ἶ
50 2172 161 2255 quibus
179 2174 330 2252 agebatur,
354 2177 531 2247 intererant,
555 2192 592 2233 ne
608 2172 644 2233 de
660 2191 712 2232 sua
728 2171 848 2248 quidem
863 2172 958 2233 salute
974 2172 1086 2232 securi:
1110 2174 1220 2252 quippe

10 2299 15 2326 .-
49 2258 246 2322 llacedouum
267 2277 352 2318 more
374 2260 473 2337 perire
497 2256 659 2326 debebant,
693 2257 824 2316 omnium
848 2256 961 2317 devotis
984 2257 1145 2335 capitibus,
1169 2258 1221 2335 qui

10 2370 12 2376 ’
50 2344 197 2423 sanguiue
218 2344 412 2420 contigissent
433 2360 511 2402 reos.
556 2341 620 2401 Rex
641 2341 792 2401 introduci
815 2343 986 2403 coniuratos
1012 2347 1132 2419 praeter
1155 2340 1219 2401 Cal·
1238 2356 1271 2405 22

10 2439 19 2516 ζ
50 2427 199 2513 listhenen
222 2429 321 2495 iussim
354 2434 452 2502 atque,
477 2443 553 2505 quae
576 2428 767 2504 agitaverant,
791 2428 856 2486 sine
879 2426 1067 2486 cunctatione
1091 2427 1219 2486 confessi

82 2614 125 2668 28.
134 2624 181 2666 esc
193 2615 262 2664 toto
270 2632 305 2652 =
314 2601 346 2661 ἔκ
357 2603 474 2673 παντός,
487 2610 608 2671 omnino,
661 2609 735 2664 dant
745 2608 976 2665 =eonsolctione
985 2607 1220 2675 confirmandam.

10 2713 15 2734 =
50 2676 262 2735 nachclassisch.
309 2675 437 2732 llasselbe
470 2675 521 2743 gilt
554 2693 608 2732 von
662 2677 698 2733 So
729 2687 790 2745 sagt
819 2677 906 2731 sehon
936 2676 1044 2731 Cicero:
1075 2675 1221 2731 consolari

50 2746 98 2803 der
113 2744 220 2801 Phrate
240 2746 444 2811 paenitentiam
464 2759 560 2811 apere.
576 2771 610 2781 -
661 2744 799 2807 dolorem,
822 2744 929 2799 luctum
951 2743 1075 2799 alicuine
1095 2766 1129 2786 =
1152 2759 1219 2798 eon·

46 2814 293 2881 profiteretur.
327 2813 464 2867 indicium
481 2813 611 2879 profiteri
661 2813 800 2868 solatione
817 2812 923 2867 leuare.
942 2839 974 2848 -
997 2814 1031 2866 in
1048 2811 1217 2877 antiqno,

49 2894 106 2937 war
135 2878 311 2935 'uristischer
337 2889 357 2935 t.
381 2887 400 2936 t.
425 2903 459 2923 =
489 2880 547 2935 sich
577 2895 611 2933 zu
661 2888 736 2948 poet.
757 2880 979 2944 fdrcmhiqnum.
1010 2877 1069 2944 Vgl.
1087 2881 1219 2945 ineoepe·

50 2894 611 3015 dnerlreiwtlhgenlussageverstehen,
662 2950 719 3003 dito
737 2963 801 3003 esse
819 2952 843 3001 3.
864 2950 887 3001 1.
906 2949 951 3009 21;
970 2949 995 3001 4.
1012 2950 1037 3001 2,
1055 2950 1096 3003 22.

50 3014 109 3072 eine
120 3012 283 3080 irciwillige
294 3015 419 3082 Aussage
437 3018 528 3071 thun.
556 3030 611 3080 per

48 3096 131 3139 ,σε
148 3097 203 3139 sue
226 3097 284 3137 ore·
303 3110 336 3118 ..
357 3099 443 3150 quae
466 3082 609 3139 decede.
694 3069 735 3121 26.
764 3082 825 3132 quo
855 3071 1020 3120 evaserat
1047 3087 1080 3107 =
1112 3080 1127 3119 e
1156 3082 1218 3132 quo.

49 3156 114 3213 ret,
139 3148 262 3206 sachlich
280 3149 421 3217 unriehtig
443 3151 488 3205 hir
510 3149 608 3215 deces—
659 3131 767 3189 Ebfsssll
800 3133 856 3187 Lll·
889 3132 1057 3198 Wlsslgslsssss
1089 3132 1219 3189 dreimal

48 3218 142 3275 meet,
186 3215 260 3273 flach
283 3216 302 3282 3
329 3222 361 3270 17
387 3217 459 3273 pan„
486 3217 529 3272 ,qe
554 3220 608 3271 qn.
659 3199 748 3255 neben
767 3200 828 3256 dem
850 3198 1009 3268 hauligeren
1031 3202 1153 3256 condere
1175 3217 1220 3256 eac

50 3284 125 3354 zefge
146 3292 206 3341 ersi
227 3284 264 3338 im
283 3283 396 3340 Verlaui
417 3286 464 3341 des
487 3284 606 3339 Vermit·
659 3268 728 3324 1⁰⁰⁰·

49 3358 107 3421 ugo
127 3350 233 3419 erfolgt
251 3352 322 3407 sein:
342 3352 414 3409 doch
431 3353 525 3407 deutet
537 3350 605 3405 auch

49 3418 841 3555 {afgfssffiigfflfialsfgmffiignzaffgeg7213?unterinter.
876 3453 950 3508 lloch
968 3469 990 3507 s.
1008 3452 1060 3506 den
1084 3449 1145 3506 hrit.
1163 3452 1217 3504 iln-

50 3554 200 3621 stimmung
217 3569 366 3621 vergessen
384 3556 468 3611 hatte.
497 3554 607 3609 decedit
657 3520 730 3587 mg
748 3538 770 3574 Ζ·
789 3520 829 3575 ⁸¹·

48 3619 607 3692 eoldtes‚tempusistpoetunachclass.
692 3643 734 3693 28.
750 3639 871 3704 perp-,3
898 3636 1216 3700 ,13p3p0„1=0p0r.
1283 3684 1286 3690 Ι

79 3726 123 3776 24,
153 3727 452 3791 consciorumque,
495 3737 548 3791 pue
574 3743 607 3764 =
658 3707 735 3762 tebni
754 3707 859 3772 perire.
894 3702 941 3757 llie
963 3700 1132 3757 betrelfende
1150 3701 1217 3757 Sitte

49 3791 115 3847 ‘und
147 3790 227 3847 dahel
275 3792 331 3848 und
368 3801 448 3846 uhter
479 3790 607 3845 auderem
659 3774 696 3828 ist
718 3772 803 3827 S⁰l¹0¹¹
828 3769 1000 3838 bespfflsshess
1022 3773 1217 3824 6.11.20,-

49 3858 137 3915 anch’.
171 3834 281 3915 Ebefrso
301 3858 371 3914 oben
389 3864 413 3911 3,
432 3862 456 3913 3,
474 3872 607 3912 -.cm
659 3841 907 3906 contigissent,
936 3836 1022 3903 vergi.
1050 3838 1216 3903 cognatione

49 3927 173 3983 stabat.
210 3926 284 3982 Nach
301 3928 398 3981 Arrian
422 3924 607 4004 behaupteten
658 3908 779 3974 “liquem
805 3907 968 3970 &mittere
995 3908 1019 3957 5·
1043 3909 1067 3956 3.
1092 3908 1123 3954 12
1146 3921 1172 3959 u.
1192 3908 1215 3959 ti.

49 3994 147 4117 &rada
174 3993 218 4050 die
249 3993 347 4050 beiden
377 3991 607 4071 auverlassrgsten
658 3975 709 4030 Das
727 3973 797 4042 Plps·
815 3973 852 4027 ist
870 3979 940 4027 etwa
960 3987 993 4025 ²1¹
1013 3969 1152 4025 ⁰lil¹³l⁰¹l²
1177 3971 1216 4025 ‘ln

86 4062 295 4119 wahrsmanner
317 4061 365 4117 (las
389 4059 550 4127 Gegenthffll
571 4057 606 4126 (4,
657 4041 762 4097 Betrefl‘
777 4041 868 4118 deren⁸
879 4054 908 4093 es
927 4038 985 4093 sich
1003 4038 1217 4104 herousgestellt

50 4126 100 4197 14).
658 4110 746 4171 hatte,
766 4108 828 4163 dass
847 4122 886 4161 sre
906 4112 969 4163 etc'.

691 3389 733 3440 27,
752 3388 947 3453 intorques
970 3385 1025 3451 vgl.
1047 3383 1115 3439 Einl.
1141 3385 1159 3448 3
1186 3388 1219 3436 20

82 4231 124 4286 25.
145 4230 380 4288 verberatum,
410 4246 432 4284 s.
458 4228 501 4283 die
529 4228 606 4282 Anm.
692 4230 733 4279 29.
753 4232 854 4293 atque
873 4250 906 4269 =
926 4224 994 4279 ‘und
1007 4225 1081 4280 siche
1094 4224 1141 4289 da,
1160 4225 1216 4279 und

51 4310 84 4351 su
101 4298 262 4365 castigandi
282 4296 301 4363 S
323 4302 348 4351 ὅ.
367 4324 398 4334 -
421 4294 607 4352 consolan—
659 4293 770 4350 sofort'.
809 4293 918 4352 Ebenso
943 4298 974 4349 et
997 4298 1020 4348 9.
1043 4296 1066 4347 8.
1090 4297 1121 4343 21
1148 4310 1174 4347 u.
1192 4296 1219 4347 (i.
