2752 4776
110 275 174 340 240
564 292 598 352 o.
621 290 725 339 cunm
746 290 827 338 nutu

73 448 209 513 eminus
237 455 340 509 staret.
385 446 501 525 Quippe
533 446 620 526 paulo
653 453 721 506 ante
754 447 834 524 regis
868 446 999 506 ministri
1031 445 1131 524 speeie
1158 444 1257 523 imperii

111 531 200 592 alieni
227 530 409 609 procurandi
436 528 546 608 singuli
574 531 704 607 ingentia
739 531 909 592 invaserant
940 546 1034 606 regna
1063 527 1184 590 sublatis
1206 546 1258 590 oer-
1291 586 1294 591 .

111 617 255 677 taminum
278 616 390 684 causis,
413 632 481 675 oum
504 623 534 675 et
555 632 660 675 omnes
682 614 815 676 eiusdem
840 614 938 692 gentio
959 619 1059 673 essent
1079 620 1111 674 et
1130 631 1148 672 a
1168 613 1259 672 oeterio

75 703 157 764 esui
184 701 311 778 quisque
337 700 457 779 imperii
483 700 606 774 regione
633 698 765 759 disereti.
817 697 876 759 Sed
904 695 1025 759 dildcile
1054 704 1118 757 erat
1146 713 1180 758 eo
1202 715 1260 758 eon·
1288 694 1296 767 l

109 790 208 844 tentos
229 800 309 850 esse.
338 783 417 863 quod
444 781 594 844 obtulerat
616 784 748 846 oooaoio:
784 783 893 862 quippe
917 781 1042 844 sordent
1072 781 1168 859 prima
1186 798 1261 860 qnae·
1290 778 1296 863 ἶ

109 886 185 947 que,
214 885 281 928 oum
305 870 416 929 maiora
439 874 608 947 operantur.
651 867 755 944 ltaque
776 867 914 927 omnibus
936 864 1103 946 expeditius
1125 863 1261 927 videbatur
1291 882 1295 891 ·

110 969 220 1029 augere
244 968 351 1028 regna,
376 968 464 1029 quam
487 951 592 1013 luisset
613 952 760 1031 accipere.
1288 950 1293 957 ’

77 1052 93 1100 e
195 1036 346 1116 Septimus
374 1035 436 1096 dies
463 1044 542 1104 erat,
576 1053 613 1095 ex
642 1054 700 1116 quo
729 1052 838 1113 eorpus
870 1036 950 1112 regis
983 1031 1100 1095 iacebat
1132 1033 1164 1092 io
1192 1027 1292 1100 rolloil

110 1120 190 1180 euris
222 1121 353 1182 omnium
386 1120 422 1180 ad
453 1119 643 1181 formandum
676 1118 828 1200 publicum
860 1127 970 1180 statum
1003 1136 1019 1178 e
1049 1125 1110 1179 tam
1144 1114 1261 1177 sollemni
1296 1154 1299 1159 -

61 1219 92 1268 to
110 1222 235 1267 munere
257 1206 379 1266 aversis.
423 1203 460 1264 Et
482 1223 540 1265 non
562 1203 619 1265 elia
640 1222 729 1283 quam
745 1202 976 1282 Mesopotamiae
993 1202 1117 1278 regione
1140 1199 1261 1261 fervidior

111 1296 211 1350 aestus
232 1290 345 1358 existit,
376 1287 451 1351 adeo
477 1296 510 1350 ut
538 1287 680 1368 pleraque
701 1287 857 1356 animalia,
887 1287 1015 1365 quaein
1039 1284 1121 1347 nudo
1143 1282 1203 1344 solo
1221 1283 1261 1345 de·

112 1371 286 1449 prehendit,
315 1374 481 1448 extingunt:
511 1379 611 1435 tantus
633 1382 679 1432 est
701 1389 791 1450 vapor
813 1372 884 1433 solis
907 1378 937 1431 et
963 1369 1056 1440 caeli,
1084 1387 1147 1449 quo
1172 1375 1262 1429 cuneta
1296 1356 1302 1425 l

60 1472 92 1520 11
111 1455 192 1516 velut
212 1458 282 1534 igne
304 1462 466 1517 torrentur.
511 1458 619 1518 Fontes
641 1474 782 1535 equarum
806 1464 835 1516 et
856 1456 917 1516 rari
939 1462 1008 1516 sunt
1030 1461 1060 1515 et
1085 1453 1264 1515 incolentium
1293 1526 1297 1541 Ι

110 1539 216 1599 fraude
238 1538 384 1600 celantur:
414 1542 487 1618 ipsis
508 1558 579 1601 usus
600 1546 696 1620 patet,
725 1541 843 1619 ignotus
870 1547 916 1601 eat
945 1539 1077 1600 advenis.
1124 1535 1263 1599 Traditum
1291 1610 1295 1615 Ι

60 1639 92 1687 12
110 1625 204 1699 magis
226 1641 314 1700 quem
338 1623 484 1686 creditum
507 1624 621 1686 relero:
650 1631 682 1684 ut
710 1624 828 1685 tandem
851 1641 958 1685 curare
980 1640 1090 1702 eorpus
1114 1622 1264 1682 exanimum

13 1748 16 1755 -
110 1710 211 1768 amieis
240 1709 363 1780 vaeavit,
390 1707 470 1769 nulla
497 1708 580 1774 tabe,
611 1726 649 1769 ne
686 1709 807 1768 minimo
835 1707 955 1788 quidem
984 1705 1077 1767 livore
1106 1711 1266 1784 eorrupnn

109 1792 226 1862 videre,
250 1794 301 1868 qui
323 1796 515 1853 intraverant.
560 1792 652 1871 Vigor
674 1810 806 1872 quoque,
830 1792 880 1871 qui
895 1796 1059 1852 constater
1075 1791 1196 1869 spiritu,
1217 1805 1266 1849 non

143 1980 168 2031 t.
190 1990 227 2030 re
254 1977 285 2031 is
320 1977 490 2039 ministri,
520 1975 578 2030 also
609 1976 667 2031 ein·
719 1972 913 2031 construition
931 1973 988 2029 wie
1005 1974 1115 2028 e.1.24
1133 1969 1269 2027 nonullos
1304 1910 1312 2035 Ι,

109 2041 189 2097 ioohe
242 2044 459 2106 uterthanen,
491 2043 567 2098 nieht
597 2051 669 2098 etwe
719 2058 804 2109 quom
820 2042 1002 2096 simulatione
1089 2041 1234 2099 tutiorem·
1250 2040 1269 2094 t.
1307 2054 1312 2065 ·

110 2108 233 2176 geborne
259 2109 375 2166 Fdrsten
401 2110 452 2166 mit
481 2126 534 2166 von
560 2109 668 2176 lugend
721 2114 761 2166 13.
780 2112 812 2160 14
830 2108 910 2164 nullo
927 2123 960 2164 re
978 2105 1270 2174 metimqnamaoua·
1304 2126 1312 2173 j

110 2176 159 2232 aul
196 2192 369 2243 anerzognen
407 2176 668 2244 herrsehsdehtigen
719 2177 766 2231 oio
791 2178 906 2231 armati.
936 2203 970 2212 —
1022 2190 1099 2230 unm
1125 2172 1272 2240 Mesopo·

110 2242 251 2300 Geldsten.
267 2271 301 2281 -
319 2246 489 2311 ingentio,
510 2244 569 2299 also
588 2259 668 2311 gross
720 2245 848 2298 tamine
867 2257 936 2310 rep.
966 2192 1028 2310 Vgi.
1046 2246 1070 2297 5.
1090 2246 1115 2297 7.
1135 2245 1166 2292 12
1184 2242 1214 2296 in
1233 2254 1272 2319 ro·

111 2324 204 2376 genug
232 2308 278 2364 idn
307 2309 360 2365 den
389 2310 505 2377 Eiargeln
537 2311 594 2367 und
624 2311 669 2365 die
718 2313 831 2377 pionem
851 2308 967 2372 Mediae
988 2331 1022 2352 ==
1044 2308 1073 2363 in
1097 2308 1147 2362 dea
1169 2307 1273 2363 Boruoh

110 2375 252 2436 Thatiralt
281 2377 355 2432 'edes
378 2376 533 2433 Einzelnen.
555 2407 588 2414 —
611 2393 666 2433 re·
718 2394 772 2433 ron
796 2376 915 2438 lledien;
939 2380 964 2433 6.
982 2380 1007 2432 2.
1026 2379 1059 2427 14
1080 2391 1121 2430 en
1143 2374 1273 2441 Europae

109 2445 211 2510 plone
234 2443 259 2500 d.
287 2462 305 2498 1.
323 2443 410 2499 durch
429 2444 473 2498 die
491 2460 579 2512 genau
600 2443 668 2501 lest·
718 2446 834 2511 regione
853 2461 878 2500 u.
897 2449 920 2499 t.
938 2459 974 2498 m.
992 2469 1024 2478 -
1043 2444 1079 2498 in
1097 2443 1189 2497 nudo
1207 2441 1273 2497 eolo

112 2510 240 2577 gestellte
257 2510 341 2577 Lege,
360 2511 548 2578 Beguenzung.
719 2527 781 2567 zum
799 2510 899 2578 Ohjelt
917 2527 951 2565 zu
974 2508 1108 2565 beziehen
1127 2509 1182 2564 wie
1198 2513 1224 2563 3.
1241 2511 1274 2562 tt.

143 2582 168 2633 8.
187 2581 326 2634 ooooeio
349 2579 374 2633 d.
394 2580 421 2634 h.
439 2578 483 2633 die
501 2580 579 2634 mehr
601 2578 667 2634 oder
719 2583 734 2632 5
753 2580 866 2646 agnouit
877 2577 1029 2633 amiculum
1041 2578 1073 2631 in
1083 2592 1173 2631 manu
1183 2575 1275 2644 feren·

110 2646 232 2712 weniger
258 2662 311 2701 von
334 2645 544 2713 Zulllliglueiton
567 2645 668 2701 abhin·
719 2648 763 2701 tio.
777 2648 1054 2712 -extinpuat=
1068 2642 1203 2713 suffocet.
1231 2642 1274 2698 liat

109 2713 191 2834 igigen
215 2714 431 2835 liesteetzkungen
455 2713 570 2834 lfneilder
588 2713 667 2835 'filiei-
718 2712 1020 2834 Pasfiivfflmcffxtizpni
1040 2733 1075 2753 ==
1096 2712 1172 2767 mori
1194 2708 1274 2766 haben

108 2796 203 2967 ἓὲῗιξὲῑ
218 2781 575 2969 ιιᾶιῐῖιεσσιέἱῖιῃῑξειιιξὴιιξξῑ
596 2795 668 2901 disne
719 2795 799 2966 xiib
810 2794 1015 2965 Jgaluffss'
1030 2844 1095 2926 doio
1121 2845 1177 2967 wite
1199 2847 1276 2964 41³¹

110 2929 667 3058 ἀξῐιιΙῖοἰΓρειθνίξιιιΙίειιξῑΖὲἰἓῖιῖιιῖιοῇῗϋὲἰῖἓι
719 2981 744 3037 d.
758 2952 790 3035 ’h.
802 2952 867 3035 'non
884 2929 982 3047 pgieiq‘
996 2928 1158 3046 autumnis
1169 2926 1276 3046 introitio

110 3044 234 3100 Erbtherl
261 3047 415 3114 zugelallen
444 3065 511 3103 war.
533 3082 566 3093 -
589 3063 667 3103 sor·
719 3053 770 3104 est.
805 3048 850 3102 lile
870 3062 954 3114 ganne
973 3045 1276 3114 Bemerltungistmatt

110 3113 199 3166 dent.
240 3111 277 3168 So
299 3115 517 3171 tetamento
538 3130 667 3182 expur·
720 3113 1276 3180 unddbenllitssig.-·traditnmrno·

109 3181 446 3247 purosoroient=nilio
465 3183 605 3237 videntur.
628 3181 666 3236 Zu
717 3184 770 3248 pis
804 3198 902 3249 quam
936 3181 1110 3236 creditum
1145 3181 1209 3236 hert
1236 3179 1276 3235 litr

108 3248 203 3313 primo
232 3263 358 3313 quaeque
387 3247 440 3314 vgl.
467 3253 490 3300 6.
515 3252 538 3303 6.
561 3252 594 3301 27
621 3248 669 3303 oti
718 3265 793 3313 rem,
822 3265 906 3315 quam
929 3264 985 3303 non
1008 3254 1066 3302 tam
1088 3248 1177 3303 credo
1200 3263 1278 3316 gnon

106 3315 203 3381 primo
221 3329 346 3380 quaeque
362 3315 539 3371 damnamus.
557 3344 587 3352 -
606 3331 667 3370 ex·
717 3331 902 3371 commemoro
920 3320 952 3370 nt
968 3316 1114 3370 traditum.
1153 3314 1213 3382 Vgl.
1226 3319 1248 3371 5.
1257 3319 1276 3370 i.

107 3381 308 3447 peditius.
345 3382 413 3436 nnoh
448 3382 665 3448 gewonnlichem
718 3384 873 3438 teretiunt
894 3385 984 3448 magis
1007 3399 1092 3448 quam
1115 3384 1220 3439 ocium.
1252 3381 1277 3435 ln

110 3448 354 3516 Spraehgebrauoh
383 3472 416 3492 ==
446 3448 584 3512 ‘leichten
620 3448 666 3504 he·
719 3449 860 3505 ihnlielrer
878 3450 984 3511 Weise,
1007 3449 1054 3504 dns
1073 3448 1215 3516 Folgende
1235 3465 1277 3516 ge·

109 3521 244 3582 quemer'.
262 3516 323 3570 hier
338 3514 403 3571 aher
416 3517 539 3571 ziemlioh
557 3534 579 3571 s.
592 3533 614 3572 v.
628 3533 665 3570 ιιι
718 3517 926 3571 wissormassen
939 3515 1180 3583 entsohuldigend.
1193 3517 1229 3572 ist
1238 3519 1277 3572 in-

110 3582 297 3647 genehmer.
336 3583 392 3650 Vgl.
405 3585 566 3651 expedit=
579 3585 666 3639 ineat.
717 3583 851 3639 credibile
869 3585 948 3639 dictu
970 3600 1004 3638 an
1028 3582 1073 3637 die
1091 3582 1188 3651 Spitze
1206 3584 1276 3640 einer

109 3676 142 3684 -
159 3648 293 3714 fuisset
314 3651 364 3705 mit
381 3650 472 3717 Bezug
490 3648 539 3704 aul
555 3649 666 3705 videba-
717 3649 873 3717 drznhiung
895 3650 1008 3716 gestellt
1029 3653 1055 3704 4.
1078 3653 1103 3704 i.
1129 3653 1175 3714 16;
1200 3656 1239 3707 10.
1255 3654 1276 3706 t.

110 3720 158 3769 tur
178 3715 275 3780 (erse),
294 3717 353 3772 also
373 3716 546 3785 subjettiv
563 3734 598 3771 zu
610 3716 664 3772 lus·
717 3723 741 3773 3.
777 3716 814 3778 [S.
833 3718 902 3773 auch
921 3718 974 3773 den
992 3715 1056 3771 urit.
1076 3716 1214 3784 Anhang]

110 3798 167 3837 sen.
197 3781 335 3850 Olrjektiv:
355 3802 440 3850 qnam
456 3784 564 3850 fuerat.
752 3790 791 3840 12.
810 3787 947 3840 vaeavit
968 3807 1003 3827 =
1026 3777 1116 3851 σχολὴ
1141 3772 1188 3851 ἦν.
1225 3784 1276 3840 llur

143 3853 167 3902 9.
185 3850 280 3904 solio.
320 3849 427 3906 Solium
448 3874 482 3894 =
505 3849 586 3916 Serg
611 3851 666 3907 wie
716 3852 777 3907 hier
794 3851 838 3906 bei
857 3851 884 3906 c,
902 3868 925 3906 o.
944 3849 1032 3915 infin,
1057 3850 1113 3905 wie
1133 3851 1277 3908 vereinzelt

111 3914 235 3995 obenel.
264 3921 305 3969 32.
331 3946 365 3955 —
390 3917 610 3985 formandum
631 3941 665 3960 =
717 3920 801 3974 sehon
820 3917 894 3972 Cass.
919 3917 1036 3973 beldin.
1061 3922 1277 3996 epp.12.13.2

109 3985 350 4047 constituendum,
381 3986 580 4040 ordinandum.
627 3984 664 4040 So
717 3985 894 4048 anulinus,
919 3983 1044 4052 hlufiger
1063 3984 1109 4039 dte
1128 3986 1278 4044 lliehteru.

110 4058 171 4115 segt
197 4049 287 4104 Livius
315 4053 470 4107 omniomi
494 4052 559 4107 belli
584 4068 664 4114 nour,
716 4052 955 4107 naehelassisohen
971 4050 1121 4108 Proseiler
1139 4054 1278 4110 dasWort

110 4131 159 4170 reo
176 4118 206 4170 in
225 4116 312 4171 olium
330 4124 435 4197 etatum
451 4119 592 4186 formare.
717 4120 900 4198 construiren.
918 4147 951 4156 -
970 4134 1014 4175 eo:
1035 4120 1179 4185 spiritu.
1220 4120 1276 4188 Vgl.

145 4187 184 4237 to.
203 4199 269 4237 non
287 4184 358 4238 alra
376 4202 413 4241 so.
432 4188 585 4252 regione.
614 4187 665 4241 lier
717 4185 769 4240 Cre.
789 4185 833 4242 oli.
853 4191 875 4237 1.
897 4190 944 4239 157
964 4188 1150 4252 utriusquae
1171 4191 1280 4244 constat

110 4244 203 4303 lrlosse
221 4248 329 4304 Ablativ
346 4254 400 4306 wie
418 4257 442 4303 4.
463 4257 532 4307 ten
550 4253 665 4307 oliant—
716 4269 755 4308 ex
780 4253 940 4308 hominibus
971 4254 1097 4309 tuendis.
1135 4255 1277 4312 Uelalielaer

109 4329 162 4379 que
175 4316 233 4369 otia
251 4319 374 4382 regione.
409 4319 456 4374 iiie
479 4319 664 4386 Comparatio·
716 4321 752 4377 ist
773 4321 801 4375 in
819 4320 921 4375 diesem
943 4319 1027 4377 Sinne
1045 4318 1093 4388 (=
1115 4323 1179 4380 ‘auf
1193 4330 1277 4379 etwas
