2752 4776
150 213 214 278 120
601 224 634 285 Q.
659 224 764 272 cuum
785 223 865 272 num

154 396 291 462 corpora.
336 382 403 444 Non
426 382 527 443 deerat
549 381 615 443 talia
639 380 860 460 concupiscenti
882 382 1052 459 perniciosa
1081 378 1228 449 adulatio,
1256 396 1319 459 per·

153 477 278 550 petuum
300 466 409 528 malum
433 482 548 543 regum,
572 484 700 545 quorum
723 484 796 544 opes
811 468 929 543 saepius
944 466 1110 526 adsentatio
1126 482 1216 545 quum
1232 464 1320 526 hostis

118 553 268 621 revertit.
314 552 375 613 Nec
397 551 589 611 Macedonum
612 551 685 610 haec
709 559 772 610 erat
794 549 880 629 culpa
910 584 949 596 -
979 568 1069 611 nemo
1097 552 1180 611 enirn
1205 546 1319 609 illorum

153 640 311 717 quicquam
335 655 370 696 ex
393 637 489 713 patrio
513 653 595 694 neore
618 634 720 695 labare
743 635 882 694 sustinuit
903 669 945 679 —
967 635 1020 696 sed
1042 634 1246 702 Graecorum,
1274 634 1320 712 qui

117 723 370 802 sprolessionem
393 721 585 780 honestarum
609 722 717 780 artium
740 718 825 779 malis
847 728 1050 798 conruperant
1070 717 1229 799 moribus„
1255 718 1328 793 Agis,

153 806 274 885 quidam
296 806 437 881 Argivus,
466 807 665 883 pessimorum
688 804 852 863 carminum
881 812 948 883 post
970 802 1144 865 Choerilum
1179 800 1319 871 conditor,

152 898 183 951 ct
205 910 240 951 ex
265 890 362 949 Sicilia
386 888 455 949 Cleo
470 921 511 933 —-
528 889 576 947 hic
599 888 716 967 quidem
739 907 797 947 nou
820 889 932 965 ingenii
954 888 1059 959 solum,
1083 888 1138 947 sed
1163 887 1249 947 etiam
1268 902 1316 945 na·

151 978 244 1036 tionis
269 975 336 1033 vitio
360 974 494 1034 adulator
515 1007 552 1015 —
580 982 609 1031 et
632 979 730 1032 cetera
753 970 872 1032 urbium
896 990 1017 1032 suarum
1040 976 1236 1050 purgamenta
1247 986 1314 1047 prae

151 1060 329 1139 propinquis
352 1062 441 1118 etiam
464 1058 723 1133 maximorumque
746 1058 928 1116 exercituum
952 1056 1078 1118 ducibus
1100 1074 1117 1115 a
1145 1072 1220 1133 rege
1244 1056 1312 1115 lere·

152 1143 275 1204 hantur:
300 1143 332 1202 hi
353 1151 416 1203 tum
441 1141 555 1201 caelum
579 1141 619 1200 illi
643 1140 817 1218 aperiebant
838 1139 1057 1219 Herculemque
1081 1150 1110 1200 et
1132 1140 1253 1201 Patrem
1270 1136 1314 1199 li·

151 1227 257 1289 hernm
281 1236 311 1287 et
334 1245 400 1288 cum
424 1224 545 1287 Polluce
568 1226 720 1285 Castorem
744 1243 820 1285 noro
843 1226 957 1285 numini
980 1243 1119 1285 cessuros
1143 1242 1211 1285 esse
1232 1224 1315 1283 iacto·

116 1311 234 1380 abant.
278 1312 371 1387 Igitur
394 1312 470 1370 sesto
494 1310 541 1369 dic
564 1311 645 1368 omni
674 1307 825 1388 opulentia
853 1311 1018 1370 convivium
1052 1310 1196 1369 exornari
1229 1300 1353 1377 iuhclll

152 1398 200 1457 cui
223 1414 283 1455 non
299 1395 476 1455 Macedones
498 1392 586 1453 modo
610 1403 639 1455 ct
655 1394 768 1463 Graeci,
792 1395 941 1471 principes
964 1395 1140 1462 amicorum,
1164 1392 1316 1454 sedetiam

149 1481 278 1542 barbari
298 1479 414 1539 nobiles
437 1477 661 1539 adhiberentur.
707 1479 779 1540 Cum
803 1478 1001 1557 quibuscum
1029 1477 1232 1539 discubuisset
1259 1494 1316 1544 rex.

96 1584 130 1633 10
149 1564 302 1645 paulisper
325 1563 461 1644 epulatus
477 1564 610 1622 convivio
626 1562 788 1639 egreditur.
826 1562 906 1645 Cleo,
930 1565 1005 1622 sicut
1018 1570 1233 1643 praeparatum
1249 1568 1318 1631 erat,

150 1666 319 1710 sermonem
344 1667 412 1708 cum
435 1647 632 1707 admiratione
655 1647 774 1707 landum
805 1649 870 1707 eius
898 1649 1034 1707 instituit.
1079 1647 1186 1708 llerita
1216 1644 1318 1707 deinde

149 1734 335 1811 percensuit:
367 1732 474 1812 quihus
495 1749 555 1792 uno
579 1731 799 1802 modorelerri
821 1732 945 1808 gratiam
968 1749 1074 1811 posse,
1099 1732 1139 1805 si,
1166 1747 1258 1807 quem
1276 1732 1315 1790 in·

151 1815 326 1896 tellegerent
342 1817 430 1878 deum
447 1835 520 1885 esse,
538 1817 763 1887 confiterentur,
780 1817 886 1892 exigua
903 1820 977 1877 turis
992 1817 1114 1895 inpensa
1131 1822 1216 1877 tanta
1231 1814 1313 1875 hene·

144 1982 256 2038 hetetcn
273 1984 301 2038 in
320 1984 407 2038 ihrem
424 1981 530 2049 ronige
552 1982 603 2037 den
624 1980 706 2038 Stell·
757 1983 863 2038 sein.—
875 1984 1316 2047 conditorcarminum‚rerum

143 2058 280 2106 ventreter
307 2050 354 2106 des
382 2050 478 2105 Gottes
509 2050 626 2104 tlrmuzd
658 2048 707 2104 aul
757 2066 784 2105 ιι.
819 2049 874 2114 det.
904 2073 938 2093 =
967 2053 1027 2107 seri
1047 2056 1092 2105 lor
1120 2050 1158 2104 ist
1188 2057 1264 2117 poet.
1292 2066 1317 2103 u.

143 2116 232 2173 Erden
252 2135 294 2173 an.
757 2117 916 2180 nachclass..
935 2117 1006 2173 doch
1024 2068 1109 2171 llndet
1122 2116 1183 2172 sich
1196 2116 1316 2172 condere

179 2189 203 2239 7.
230 2186 349 2252 culpo,
378 2184 509 2239 nimlich:
544 2185 620 2251 quod
648 2200 705 2239 non
756 2200 856 2251 poema
884 2185 970 2241 sehon
999 2184 1043 2239 hei
1070 2182 1123 2240 Cic.
1146 2184 1182 2237 ad
1210 2185 1268 2241 An
1293 2189 1314 2237 1.

143 2253 245 2308 deerat
279 2253 414 2307 adulatio.
450 2280 483 2289 -
519 2254 704 2315 sustinuit,
757 2255 798 2309 16,
818 2255 857 2307 15.
892 2268 990 2308 —en
1013 2251 1139 2306 Sicilia
1163 2250 1315 2317 Cleovgl.

144 2319 297 2375 construirt
316 2319 369 2373 wie
390 2320 453 2383 pati
474 2319 523 2373 mit
541 2335 596 2374 acc.
615 2335 638 2373 c.
657 2319 705 2375 inl.
756 2319 851 2374 incola
872 2320 907 2375 ah
927 2318 1209 2386 Tarquiniense
1228 2324 1253 2375 3.
1274 2323 1316 2381 1t;

144 2385 704 2452 SoschouCic.Vcrr.1.10.—pro-
755 2387 897 2454 Epicurei
922 2404 937 2442 e
967 2387 1105 2449 Graecia,
1129 2384 1185 2441 Cic.
1211 2394 1268 2442 nat.
1292 2385 1317 2441 d.

142 2454 345 2522 sessionem.
382 2452 440 2519 Vgl.
460 2457 484 2508 i.
503 2457 527 2508 4.
544 2457 559 2504 8
578 2456 704 2520 mapiene
759 2459 778 2509 1.
792 2458 833 2509 58.
854 2455 902 2509 ilie
918 2454 1024 2510 Person
1038 2454 1074 2509 ist
1089 2461 1170 2508 sonst
1183 2451 1315 2509 nichthc-

143 2526 217 2576 artis
238 2521 421 2589 professione
444 2537 470 2576 u.
493 2521 536 2575 die
559 2522 637 2577 hum.
659 2522 705 2576 du·
756 2521 1315 2587 hannt;dennachCronCleongemach·

142 2589 238 2644 sellist.
279 2589 454 2645 Uehersetze:
483 2587 615 2655 Pllege,
645 2589 704 2642 Bc·
757 2596 802 2643 ten
822 2587 1020 2710 Vorschlapffl
1040 2592 1072 2640 10
1088 2589 1152 2651 etc.)
1171 2587 1241 2643 lassi
1257 2590 1315 2643 Arr.

143 2656 241 2712 trich.
260 2685 291 2693 -
310 2664 552 2722 conruperant
564 2679 597 2698 =
610 2656 704 2710 hutten
756 2672 809 2710 von
828 2656 888 2711 dem
902 2657 1051 2724 Sopusten
1064 2656 1241 2710 Anaxarchus
1256 2672 1315 2711 aus·

143 2725 308 2780 entweilrt
329 2725 385 2779 und
404 2723 527 2778 dadurch
546 2723 704 2778 veracht·
756 2724 853 2789 gehen.
888 2724 936 2778 llie
948 2723 1055 2778 Siculer
1073 2722 1165 2789 gulten
1184 2721 1226 2777 als
1239 2723 1317 2792 uafri

143 2790 210 2846 lich
229 2794 397 2859 gemacht;
416 2792 600 2846 honestarum
617 2789 704 2857 (nicht
756 2797 784 2846 et
804 2792 923 2846 subdoli.
947 2821 980 2829 -
1006 2796 1237 2858 purpameuta
1264 2792 1317 2845 wie

141 2859 271 2926 villig=
285 2861 436 2920 honarum.
455 2859 627 2924 liberalium)
646 2856 703 2912 und
756 2862 779 2914 6.
799 2863 838 2914 11.
856 2864 885 2920 2;
904 2864 1001 2914 cetera
1018 2882 1051 2901 =
1075 2858 1148 2922 alia,
1172 2858 1227 2911 wie
1245 2857 1316 2914 niter

142 2927 225 2981 mulis
243 2927 304 2981 sind
323 2927 499 2993 segensotze.
755 2925 799 2981 hei
819 2926 845 2980 C.
869 2960 902 2969 -
924 2942 1009 2993 prae
1030 2928 1242 2993 propinquis

176 2997 200 3047 8.
236 2996 437 3048 carminum.
489 2993 562 3048 itaet
603 2993 701 3048 Arrian
754 2994 964 3062 ferebantur
1010 2992 1227 3059 ungewohnlich
1272 2992 1316 3049 leit

142 3059 702 3183 tillutttllttlsllltcmttt}
750 3058 1315 3194 ilip‘nll'll.lrlfmlll‘lltll.‘ll'

139 3191 220 3245 lasus
239 3193 267 3245 in
286 3192 380 3246 Carien
396 3208 455 3246 war
473 3193 605 3248 elienlalls
625 3195 700 3247 einer
754 3144 1121 3261 sarirastischegWendung:
1146 3194 1201 3260 vgl.
1224 3171 1315 3252 uirtus

140 3258 190 3314 der
206 3257 344 3326 Begleiter
363 3259 527 3314 Alexanders
550 3260 598 3315 des
617 3260 700 3315 Gros-
751 3263 903 3318 recludens
935 3264 1074 3317 inmeritis
1092 3265 1176 3316 'mori
1198 3264 1314 3319 eaelum.

140 3342 203 3390 sen;
218 3326 286 3381 dher
299 3326 342 3380 dic
355 3325 632 3393 hhgeschmaclrtheit
643 3328 699 3381 und
752 3330 822 3384 Hor.
835 3346 923 3384 curm.
942 3334 966 3384 3.
979 3334 1002 3382 2.
1018 3334 1058 3383 21.
1089 3328 1122 3383 Es
1142 3329 1179 3385 ist
1192 3330 1270 3398 impl.
1282 3332 1314 3386 de

138 3394 367 3450 Erhhrmlichheit
406 3394 497 3449 seiner
533 3395 700 3450 Alexanders
752 3405 861 3452 conatu.
899 3396 946 3452 llie
963 3397 1000 3449 im
1012 3396 1060 3451 rot
1082 3396 1171 3451 enden
1189 3398 1315 3453 erwahn·

140 3462 243 3541 Thalen
275 3460 534 3540 verherrliclrenden
570 3463 700 3541 epischen
752 3471 799 3518 ten
827 3464 986 3521 Gottheitcn
1013 3411 1080 3519 smil
1102 3464 1259 3520 sammtlich
1282 3482 1314 3520 au

141 3530 272 3586 Gedrclrte
295 3531 387 3584 macht
410 3529 468 3584 sich
491 3528 579 3584 Horas
605 3529 700 3594 tusce.
753 3529 1315 3598 gdttlichenllhrenerhdhteSterhliche.

138 3613 202 3720 itt
220 3595 700 3743 {inlinit“illulllsl..
752 3597 1250 3730 ..tucrumnistera-ce
1263 3600 1316 3723 ld-

140 3732 231 3787 lassen
253 3739 289 3787 ist
308 3731 386 3798 (nach
407 3729 533 3787 Chdrrlus
552 3732 577 3785 d.
595 3746 612 3784 1.
631 3732 700 3808 nach
752 3733 824 3788 Noth
852 3682 1031 3789 enthehrllch.
1055 3762 1084 3773 —
1113 3733 1315 3790 discubuis-

140 3800 201 3855 dem
215 3800 367 3866 Vorgange,
383 3798 487 3855 lluster
499 3799 546 3855 des
560 3796 699 3863 Clrdrtlus)
753 3807 817 3862 set,
837 3800 881 3855 hei
895 3799 1050 3855 Classikern
1063 3817 1116 3854 nur
1126 3801 1178 3854 mit
1191 3801 1313 3870 plural.

140 3867 209 3922 oder
226 3866 382 3933 graduell
405 3890 439 3909 =
458 3867 626 3929 secundum,
647 3866 700 3920 wie
753 3866 1168 3934 Suhjeltt.—eonuiuio=
1182 3876 1243 3925 ‘aus
1254 3868 1313 3924 dem

137 3935 249 3989 Dichter
267 3933 540 3990 undNachclussiker
557 3932 701 3987 nichtsel·
753 3934 973 4001 Speisezimmer'
1001 3936 1056 3990 wie
1082 3942 1105 3989 6.
1135 3942 1180 3999 13;
1213 3936 1312 3992 ehenso

138 4011 186 4056 ten
195 4001 419 4069 diePritposition
427 4009 493 4068 pust
501 4002 653 4061 hrauchem
663 4000 700 4054 im
752 4004 827 4057 inire
837 4005 995 4058 conuiuium
1004 4000 1119 4124 untenp
1130 4009 1162 4055 12
1173 4021 1200 4059 u.
1209 4008 1235 4060 5.
1244 4006 1314 4058 l.38.

138 4068 358 4125 letzterenlalle
377 4070 475 4124 wfirde
492 4076 570 4136 post
595 4068 700 4124 enne·
786 4074 827 4124 10.
850 4071 974 4137 quibrts
997 4070 1072 4137 idat.)
1114 4075 1147 4126 tir
1173 4087 1228 4137 pro
1254 4072 1312 4137 qui·

138 4136 410 4201 rilum‚=post
441 4135 596 4192 Choerili
622 4153 700 4191 cur-
752 4138 805 4193 bus
827 4138 864 4193 ist
887 4139 1021 4206 poetlsch.
1065 4139 1091 4194 S.
1114 4138 1183 4194 Elnl.
1206 4138 1312 4203 Silla.

137 4206 182 4258 rni
188 4222 244 4268 na,
258 4222 280 4259 s.
293 4210 319 4256 3.
333 4208 388 4264 t.4.
404 4205 586 4271 engmitdem
597 4204 699 4271 Super·
752 4206 804 4260 ller
822 4205 984 4272 Uehergang
1005 4207 1033 4260 in
1057 4206 1101 4262 die
1123 4223 1163 4262 or.
1182 4204 1237 4261 ohl.
1259 4204 1313 4258 wie

137 4270 203 4326 lativ
228 4273 458 4337 pessimorum
490 4288 524 4326 zu
551 4270 698 4326 verhinden
752 4276 884 4335 6.8.10;
904 4277 944 4329 10.
963 4280 987 4325 5.
1007 4278 1039 4325 22
1059 4291 1085 4329 ιι,
1104 4278 1129 4330 ὀ.
1156 4273 1217 4329 llan
1235 4270 1311 4328 achte
