2752 4776
119 224 141 288 2
573 243 606 304 o.
630 241 734 290 coum
759 244 841 291 nom

121 398 304 459 Cretensium
330 397 419 458 urbes
445 400 566 473 recepit.
612 399 684 459 dvm
711 401 851 476 deinceps
872 402 985 462 Menon
1006 403 1038 460 in
1062 402 1231 465 Thraciam
1253 406 1293 466 al

120 483 298 543 Alexandro
325 487 430 542 missus
456 483 601 543 barbaros
626 485 670 543 ad
695 485 892 557 defectionem
920 488 1077 563 inpulisset
1101 488 1203 562 adque
1223 506 1287 551 eam

119 566 367 641 conprimendam
395 567 554 643 Antipater
587 571 751 630 exercitum
776 586 818 629 eu
845 571 1027 631 Macedonia
1049 573 1094 631 in
1123 572 1285 635 Thraciam

120 656 268 728 duxisset,
295 655 519 728 opportunitate
547 655 687 727 temporis
718 661 839 713 strenue
864 657 913 714 usi
936 655 1169 717 Lacedaemonii
1196 665 1285 720 toton

119 739 357 813 Peloponnesum
381 739 489 812 paucis
516 737 639 798 urbiom
664 740 799 812 exceptis
820 740 851 797 in
871 745 976 813 partes
998 747 1162 805 traxerunt
1180 744 1282 817 conse-

119 830 225 899 ctoque
251 823 388 882 exercitu
415 823 523 895 vipiuti
554 824 666 882 milium
697 823 831 897 peditum
857 838 924 883 cum
956 826 1102 900 covinias
1134 827 1179 887 bis
1209 831 1283 888 mille
1321 835 1323 875 ῑ

119 909 214 982 Apidi
233 922 377 967 summam
398 908 518 981 imperii
538 905 713 966 detulerunt.
758 907 920 982 Antipater
941 926 979 968 ea
999 926 1034 968 re
1055 918 1203 987 conperta
1224 913 1277 972 lei-

118 995 180 1052 lum
201 994 233 1052 in
250 991 392 1062 Thracia,
414 991 519 1063 ouvius
536 998 634 1066 potest
654 992 883 1060 condicionibus,
906 996 1046 1068 conponit
1063 999 1234 1071 raptimque
1251 1000 1276 1058 in

121 1079 281 1138 Graeciam
308 1091 461 1149 repressus
488 1075 526 1134 ab
553 1078 658 1136 amicis
685 1080 829 1151 sociisque
857 1077 1022 1138 civitatibus
1049 1082 1170 1140 auxilia
1198 1083 1272 1156 copi.

121 1161 231 1232 Quibus
251 1159 490 1222 convenientibus
511 1160 555 1218 ad
575 1159 782 1235 quadrapinto
799 1167 1007 1236 pupnatorum
1028 1167 1113 1224 milia
1127 1167 1271 1227 recensuit.

120 1247 292 1305 Advenerat
311 1251 341 1304 et
361 1261 401 1304 eu
415 1245 615 1319 Peloponneso
637 1246 740 1305 valida
761 1261 883 1305 manus:
904 1249 959 1306 sed
978 1249 1050 1320 quio
1067 1249 1189 1310 dubiam
1203 1252 1271 1326 ipso
1307 1240 1310 1247 ’

117 1347 186 1390 rum
205 1331 296 1402 fidem
317 1331 487 1398 resciverat,
511 1330 699 1390 dissimulata
719 1333 885 1406 suspicione
903 1334 1023 1404 pratias
1044 1335 1105 1406 epit
1111 1377 1119 1401 ,
1143 1335 1223 1408 auod
1239 1334 1274 1395 ai

119 1414 344 1487 defendendam
371 1415 514 1474 adversus
541 1414 791 1475 Lacedaemonios
824 1417 996 1476 Alexandri
1022 1416 1197 1492 divnitatem
1223 1418 1270 1478 ad-

115 1499 263 1571 fuissent:
288 1501 470 1573 scripturum
497 1514 529 1557 se
549 1499 584 1558 id
609 1501 676 1572 repe·
699 1502 832 1571 protiam
853 1501 885 1558 in
907 1507 1038 1575 tempore
1058 1504 1202 1563 relaturo.
1239 1501 1269 1561 In

113 1599 263 1660 praesens
290 1583 367 1643 ninii
393 1599 468 1658 opus
493 1598 556 1642 esse
577 1583 738 1644 maioribus
758 1585 868 1659 copiis:
896 1586 996 1658 itaque
1024 1587 1126 1646 domos
1152 1587 1271 1647 redirent

115 1668 251 1741 foederis
272 1669 445 1728 necessitate
464 1669 596 1743 expleto.
634 1667 761 1730 Nuntios
782 1669 891 1729 deinde
911 1671 954 1728 ad
966 1671 1178 1732 Alexandrum
1197 1672 1269 1731 mittit

119 1754 156 1812 de
189 1759 270 1814 motu
303 1752 449 1812 Graeciae
479 1755 637 1813 certiorem
666 1752 817 1825 tacturos.
875 1753 969 1830 Atque
1000 1756 1047 1813 illi
1071 1772 1172 1829 repen
1200 1754 1268 1831 apul

118 1837 240 1898 Bactra
261 1838 377 1897 demum
398 1839 551 1898 consecuti
569 1844 651 1906 sunt,
680 1854 747 1899 cum
775 1840 895 1898 interim
924 1839 1080 1915 Antipatri
1105 1839 1264 1901 victoriaci

118 1940 190 1983 nece
216 1921 325 1997 Avidis
352 1925 383 1983 in
406 1922 542 1981 Arcadia
567 1927 752 1983 transactum
782 1929 865 1983 esset.
909 1921 991 1981 Sane
1012 1925 1208 1999 iampridem
1227 1930 1264 1983 tn-

117 2010 211 2068 maitu
242 2007 548 2068 Lacedaemoniorum
580 2010 714 2081 counito,
749 2012 891 2082 quantum
923 2013 965 2067 tot
995 2013 1149 2069 terrarum
1179 2008 1265 2085 spatiis

118 2093 263 2153 discretus
278 2093 386 2169 potuit,
405 2092 596 2166 providerat:
618 2092 830 2166 Amphoterum
837 2087 857 2166 3)
880 2107 948 2150 cum
971 2091 1090 2167 Cypriis
1109 2100 1140 2153 et
1152 2093 1264 2154 Piceni-

117 2180 172 2238 ciis
193 2179 319 2238 navrlus
340 2178 371 2237 in
392 2176 628 2251 Peloponnesum
649 2178 809 2252 navipare,
834 2176 972 2236 Meneten
994 2179 1056 2237 tria
1078 2179 1163 2237 mitia
1181 2179 1264 2238 talen-

118 2268 180 2321 tum
202 2263 245 2320 od
265 2277 349 2320 mare
370 2260 494 2332 deferre
515 2262 655 2334 iusserat,
684 2267 718 2321 ut
743 2278 784 2320 ecc
807 2263 977 2336 propinquo
999 2266 1164 2336 pecuniam
1190 2261 1264 2321 Anti-

113 2354 206 2420 patro
231 2347 481 2411 subministroret,
515 2351 630 2418 quanta
663 2347 746 2405 illum
776 2347 912 2418 indicere
944 2348 1137 2419 coanovisset.
1188 2342 1265 2406 Proie

117 2433 196 2491 enim
212 2436 424 2507 perspexerat,
449 2431 555 2502 quanti
574 2429 617 2487 vd
637 2432 738 2490 omnia
759 2431 899 2490 momenti
917 2436 1010 2489 motus
1024 2431 1110 2492 istius
1130 2429 1266 2492 inclinatio

113 2515 225 2587 sutura
257 2521 345 2588 esset,
381 2529 560 2590 quamquam
592 2516 733 2589 deinceps
764 2524 887 2589 accepto
917 2517 1060 2575 victoriae
1089 2520 1191 2577 nuntio
1218 2511 1269 2575 suit
1300 2570 1303 2575 .

118 2601 257 2677 operibus
277 2599 313 2661 id
335 2600 494 2659 discrimen
516 2615 688 2674 conparans
715 2601 843 2660 murrum
870 2614 936 2658 eam
952 2615 1090 2674 papnam
1107 2601 1204 2674 fuisse
1223 2611 1267 2660 ca
1301 2596 1304 2603 '

117 2689 239 2748 villatus
260 2690 312 2746 est.
360 2685 495 2745 Ceterum
512 2686 670 2759 principia
691 2687 755 2744 eius
783 2685 854 2761 belli
877 2683 963 2743 ltaud
984 2686 1164 2760 inprospera
1184 2685 1277 2745 Lace‘

119 2773 280 2832 daemoniis
307 2770 409 2843 fuere.
457 2768 552 2829 Iunta
587 2769 771 2844 dorrieapnm
801 2769 999 2830 Macedoniae
1029 2772 1184 2830 castellum
1213 2774 1279 2830 cum

118 2858 273 2931 Antipatri
292 2855 431 2915 militibus
451 2857 605 2927 conpressi
623 2857 749 2914 victores
769 2858 948 2914 extiterant:
975 2859 1006 2912 et
1025 2856 1073 2912 rei
1092 2855 1165 2913 bene
1183 2854 1285 2929 peston

114 2941 204 3013 sama
225 2943 323 3013 etiam,
348 2942 401 3014 qui
419 2941 569 3013 suspensis
589 2940 734 2999 mentibus
752 2939 910 3010 fortunam
931 2943 1154 3014 spectaverant,
1178 2942 1210 2999 in
1228 2953 1288 2998 so‘
1320 2950 1323 2983 ¹

118 3028 251 3086 cietatem
273 3040 373 3083 eoram
393 3024 545 3099 pertracti
562 3032 639 3084 sunt.
687 3023 753 3084 llno
780 3041 820 3084 eu
847 3024 928 3083 Eleis
949 3023 1136 3098 Achaeisque
1162 3024 1288 3085 urlinus

118 3111 237 3168 Pellene
261 3108 371 3180 foedus
399 3107 644 3181 adspernaomvr
670 3117 699 3169 et
725 3112 756 3169 in
784 3109 922 3167 Arcadia
944 3104 1191 3190 Mecalopolis4),
1217 3107 1289 3182 fidit

118 3193 334 3252 Macedonibus
348 3193 382 3251 ob
398 3193 535 3268 Pitiiippi
554 3195 733 3267 memoriam,
758 3209 778 3250 a
792 3207 850 3268 quo
864 3193 1011 3263 beneficiis
1025 3191 1153 3263 adfecta
1166 3193 1287 3266 suerate

81 3346 86 3354 ,
116 3277 180 3338 Sed
200 3278 275 3336 naec
297 3282 363 3335 arte
384 3279 578 3337 circumsessa
600 3279 685 3338 ltaud
702 3280 812 3352 procul
826 3278 974 3337 deditione
989 3277 1109 3346 oberat,
1132 3279 1193 3338 nisi
1212 3284 1288 3338 tons

118 3363 184 3422 dem
212 3363 371 3437 Antipater
388 3362 586 3422 subvenisset.
635 3365 668 3423 Is
693 3371 853 3438 postquam
885 3368 987 3422 castra
1018 3364 1127 3421 castris
1159 3358 1286 3424 contulit

117 3466 205 3524 seque
227 3463 349 3508 numero
371 3448 495 3506 militum
511 3450 628 3522 alioque
642 3455 794 3522 apparatu
809 3450 991 3522 superiorem
1005 3449 1172 3520 conspexit,-
1194 3462 1283 3522 quam

112 3537 246 3611 primum
268 3533 306 3591 de
327 3547 441 3592 summa
462 3549 564 3592 rerum
583 3534 698 3607 proelio
719 3532 897 3594 contendere
918 3533 1036 3590 statuit:
1064 3548 1161 3606 neque
1182 3533 1278 3592 Lace-

118 3620 268 3678 daemonii
293 3618 494 3678 detrectavere
520 3625 680 3681 certamen.
729 3619 780 3677 Ita
809 3617 963 3678 commissa
990 3621 1033 3674 est
1054 3632 1178 3691 pupna,
1207 3629 1277 3692 quoe

116 3721 180 3762 rem
202 3703 388 3778 Spartanam
409 3704 551 3762 maiorem
573 3705 604 3761 in
626 3701 743 3761 modum
766 3701 896 3775 adflixit.
942 3700 1013 3759 dum
1035 3701 1113 3758 enim
1139 3700 1279 3776 uppusun

116 3791 267 3856 locorum,
296 3791 327 3848 in
349 3788 454 3862 quidus
473 3787 680 3865 pupnabatur‚
704 3788 824 3861 confisi,
848 3786 899 3845 ubi
918 3786 998 3844 nosti
1016 3786 1130 3844 nullum
1152 3788 1280 3846 multita-

118 3875 197 3934 dinis
224 3878 308 3932 usian
332 3873 471 3945 futurum
497 3871 677 3950 credebant,
714 3874 846 3932 animose
878 3870 1033 3944 conpressi
1063 3877 1161 3929 essent
1191 3884 1282 3945 neque

184 4109 211 4170 3)
230 4108 318 4163 Ueher
335 4109 384 4161 Am
405 4107 520 4163 hoierus
539 4106 593 4175 vgl.
612 4112 635 4162 3.
655 4112 679 4165 1.
698 4111 742 4170 19;
760 4109 785 4162 4.
802 4109 827 4161 8.
846 4107 886 4160 15.

183 4173 211 4244 4)
231 4174 277 4229 liic
294 4175 331 4228 im
349 4124 507 4240 Fngenden
524 4175 696 4231 ausffihrlich
715 4173 835 4230 erzihlte
848 4171 976 4229 Schlaeht
993 4171 1090 4227 wurde
1109 4171 1146 4226 im
1159 4171 1280 4249 Sommer

115 4248 166 4295 330
184 4242 228 4297 bei
246 4242 425 4312 Megalopolis
444 4244 472 4297 in
490 4243 626 4300 Arkadien
644 4242 817 4311 geschlagen.
853 4241 900 4296 Die
918 4239 1081 4308 Zoitungabe
1105 4239 1153 4295 des
1172 4238 1280 4294 Curuus

116 4319 201 4366 unton
221 4315 244 4364 1.
264 4312 295 4361 21
314 4309 416 4365 beruht
433 4309 482 4365 auf
496 4311 623 4367 lrrthum.
