2752 4776
155 262 218 327 150
599 262 632 325 o.
652 260 763 314 cunm
782 260 870 313 nutu

101 447 135 497 28
152 432 236 495 urhis
258 432 321 494 solo
349 432 621 495 subministrentur.
672 429 838 509 Euphrates
865 430 1009 492 interfluit
1030 447 1215 511 magnaeque
1238 430 1318 493 molis

152 516 354 598 crepidinibus
380 526 546 579 coercetur.
597 514 655 576 Sed
684 517 815 577 omnium
844 532 970 594 operum
999 515 1236 594 magnitudinem
1266 519 1317 578 cir·

151 604 343 665 cumveniunt
365 619 509 664 cavernae
531 602 681 679 ingentes,
710 602 741 661 in
763 599 948 662 altitudinem
971 617 1090 681 pressae
1113 600 1150 661 ad
1173 602 1318 681 accipien-

152 687 223 748 dum
251 688 393 766 impetum
421 686 565 755 lluminis,
600 683 694 763 quod,
729 684 779 745 uhi
807 684 958 764 adpositae
984 684 1146 763 crepidinis
1174 685 1316 765 fastigium

152 774 291 842 excessit,
321 771 404 832 urbis
432 778 510 833 tecta
537 772 715 847 corriperet,
744 769 800 831 nisi
823 777 925 830 essent
951 787 1058 848 specus
1088 769 1246 850 lacusque,
1273 772 1316 851 qui
1350 820 1353 827 .

99 877 133 928 29
151 857 332 935 exciperent.
371 854 474 917 Coctili
495 852 638 916 laterculo
659 855 763 915 structi
786 862 867 915 sunt:
891 861 984 915 totum
1007 872 1081 933 opus
1104 853 1250 917 bitumine
1271 856 1314 917 ad·
1351 848 1353 865 '

151 942 315 1019 stringitur.
347 940 425 1002 Pons
440 939 574 1020 lapideus
589 938 704 1000 tlumini
717 939 863 1018 inpositus
878 940 973 1017 iungit
989 938 1102 1001 urbem.
1133 939 1190 1001 Hic
1205 956 1312 1019 quoque

149 1027 229 1086 inter
260 1023 403 1087 mirabilia
432 1024 563 1086 Orientis
596 1041 687 1102 opera
722 1031 894 1085 numeratus
922 1032 982 1085 est:
1016 1026 1126 1103 quippe
1156 1023 1312 1105 Euphrates

150 1109 240 1170 altum
271 1108 372 1170 limum
400 1109 494 1177 vehit,
529 1126 588 1188 quo
616 1109 734 1187 penitus
764 1107 800 1169 ad
828 1107 1028 1169 fundamenda
1057 1108 1193 1169 iacienda
1221 1116 1311 1188 egesto

97 1212 131 1262 30
149 1194 195 1253 vix
212 1193 363 1255 sulliciens
385 1195 469 1272 operi
490 1194 576 1254 firrno
597 1200 776 1272 repererunt
796 1190 906 1254 solum:
930 1192 1059 1255 harenae
1075 1200 1175 1255 autern
1196 1192 1310 1255 subinde

150 1275 315 1338 cumulatae
331 1284 361 1338 et
375 1280 466 1345 saxis,
491 1279 556 1356 quis
578 1295 653 1355 pons
676 1277 851 1345 sustinetur,
875 1277 1006 1338 adnexae
1022 1285 1179 1338 morantur
1193 1296 1307 1346 amnem,
1342 1273 1347 1353 ἶ

98 1378 130 1428 31
149 1363 200 1440 qui
222 1370 356 1422 retentus
371 1363 482 1430 acrius,
504 1362 631 1441 quamsi
654 1360 750 1422 libero
771 1379 862 1423 cursu
882 1370 1010 1431 mearet,
1034 1361 1178 1423 inliditur.
1215 1366 1347 1439 dreani„¹

150 1461 268 1522 quoqne
284 1443 397 1507 ambitu
418 1460 467 1506 xx
482 1445 576 1508 stadia
599 1445 774 1525 conplexam
796 1445 916 1507 hahent.
952 1460 1027 1506 xxx
1042 1446 1135 1525 pedes
1155 1448 1188 1508 in
1210 1454 1307 1509 terrem
1339 1482 1345 1503 .-

150 1531 276 1591 turrium
305 1530 496 1591 fundamenta
524 1530 651 1591 demissa
674 1539 758 1601 suut,
788 1529 824 1591 ad
846 1543 944 1591 xxxx
971 1548 1120 1592 summum
1143 1532 1307 1593 munimenti
1344 1560 1347 1576 =

97 1622 131 1672 32
149 1614 298 1692 lastigium
331 1617 476 1695 pervenit.
531 1616 627 1695 Super
661 1633 773 1684 arcem,
813 1615 962 1693 vulgatum
996 1615 1179 1677 Graecorum
1212 1614 1307 1678 tabulis
1336 1620 1342 1661 -“

149 1697 339 1769 miraculum,
374 1699 503 1778 pensiles
536 1699 614 1760 horti
646 1708 730 1767 sunt,
766 1718 911 1760 summam
945 1716 1098 1761 murorum
1135 1699 1307 1762 altitudinem
1336 1748 1339 1753 .

148 1792 308 1861 aequantes
341 1783 560 1863 multarumque
592 1782 734 1845 arborum
772 1783 877 1845 umhra
914 1790 944 1845 et
979 1786 1159 1861 proceritate
1193 1785 1306 1847 amoeni

96 1874 130 1925 33
148 1866 226 1928 Saxo
247 1867 338 1947 pilae,
362 1886 437 1947 quae
459 1877 552 1930 totum
575 1886 650 1929 onus
664 1869 826 1938 sustinent,
849 1871 1011 1929 instructae
1033 1876 1117 1937 sunt,
1140 1867 1307 1950 superpllat
1339 1896 1342 1901 ·

147 1950 245 2030 lapide
268 1952 411 2029 quadrato
433 1954 528 2015 solum
555 1960 679 2015 stratum
703 1960 748 2014 est
769 1955 883 2033 patiens
911 1961 1023 2023 terrae,
1053 1970 1141 2031 quam
1165 1953 1252 2016 altam
1270 1954 1308 2014 in·

145 2036 253 2106 iniunt,
277 2046 306 2098 ot
321 2037 468 2108 humoris,
492 2056 551 2117 quo
567 2039 664 2117 rigant
687 2046 797 2099 terras:
822 2036 955 2116 adeoque
967 2036 1075 2098 validas
1091 2037 1217 2100 arbores
1231 2038 1306 2101 susti·

147 2129 220 2181 nent
242 2121 348 2193 moleS,
379 2131 411 2184 ut
432 2125 547 2202 stipites
570 2140 672 2185 earum
694 2135 759 2183 vr11
782 2120 950 2183 cubitorum
973 2123 1098 2200 spatium
1124 2122 1306 2184 crassitudine

147 2213 290 2282 aequent,
318 2209 393 2268 iun
421 2208 529 2286 pedum
553 2205 737 2268 altitudinem
760 2207 910 2267 emineant
937 2205 1161 2284 frugiferaeque
1184 2208 1252 2277 sint,
1277 2212 1305 2267 ut
1340 2226 1344 2235 ·

95 2309 128 2359 34
145 2288 171 2348 si
200 2295 278 2350 terra
300 2307 354 2350 sua
377 2289 535 2352 alerentur.
586 2289 622 2350 Et
651 2308 718 2351 cum
747 2296 873 2351 vetustas
901 2307 961 2350 uon
986 2309 1077 2370 opera
1103 2290 1203 2354 solum
1227 2308 1306 2353 mauu

145 2372 237 2441 lacta,
266 2373 318 2434 sed
342 2375 428 2434 etiam
451 2376 546 2452 ipsam
569 2382 703 2434 naturam
732 2372 873 2451 paulatim
897 2374 1050 2435 exedendo
1073 2378 1216 2454 perimat,
1243 2374 1306 2437 huet

145 2456 255 2525 moles,
279 2475 354 2537 quae
377 2466 420 2519 tot
442 2458 584 2519 arborum
599 2457 748 2519 radicibus
770 2459 914 2537 premitur
936 2461 1068 2538 tantique
1091 2460 1222 2523 nemoris
1243 2476 1305 2540 pon·
1343 2514 1353 2557 ,h

145 2663 213 2712 emt.
234 2660 297 2723 ris,
324 2658 412 2714 ‘cine
431 2656 621 2714 leindliche
643 2657 704 2714 lle·
756 2657 862 2714 Stroms
877 2674 938 2713 zum
949 2658 1074 2714 Vortheil
1089 2659 1308 2729 derllrrichege·
1347 2698 1353 2731 ;

146 2724 624 2793 walt',=eort.eecerer'tus,poet.
758 2725 1000 2783 hroclrenwird.
1349 2738 1353 2775 :

179 2796 219 2845 28.
244 2809 293 2860 op.
314 2794 584 2861 rnagniludinem
605 2816 639 2836 =
660 2809 703 2860 op.
766 2793 1310 2872 ‚315arcem,dielliod.2.toerwlhute

145 2874 257 2924 eterno,
270 2860 339 2916 llinl.
349 2859 375 2928 S.
389 2865 412 2916 6.
426 2891 458 2900 -
470 2875 644 2917 cauernae
660 2862 704 2926 (=
756 2863 911 2927 ακροπολις
937 2876 978 2914 am
1014 2860 1151 2918 dstlicheu
1179 2863 1311 2919 llrdclxeu·

144 2940 249 2991 specus
276 2928 447 2995 taceasque),
483 2928 702 2988 Reservoirs.
756 2926 848 2995 hople,
869 2927 918 2982 der
940 2928 983 2983 eiu
1005 2927 1118 2984 Sehloss
1141 2946 1183 2985 am
1214 2932 1311 2987 anderu

144 2992 289 3048 Bassins.
314 2994 434 3050 Belxannt
447 2996 482 3050 ist
495 3003 574 3051 soust
583 3012 636 3050 nur
649 2997 702 3051 ein
755 2994 965 3063 llrdchenhople
976 3003 1035 3050 ents
1058 2997 1131 3059 rach,
1143 2997 1312 3054 beidedurch

145 3058 297 3137 derartiges
308 3061 402 3117 Bassin
415 3061 548 3118 oberhalh
557 3061 703 3129 Babylous,
758 3062 837 3116 einen
850 3069 931 3142 unter
942 3062 1003 3142 dom
1013 3013 1110 3120 iddsse
1122 3064 1312 3133 hingehenden

144 3126 220 3182 lbod.
239 3131 263 3183 2.
281 3130 304 3182 9.
323 3155 356 3165 -
374 3143 537 3194 pressae,
559 3134 583 3185 5.
601 3135 625 3184 4.
643 3134 705 3182 8=
756 3127 840 3184 llanal
864 3137 914 3184 mit
938 3130 1067 3186 emunder
1091 3131 1261 3189 verbunden.
1282 3158 1313 3171 -

145 3194 311 3259 depressae,
337 3195 566 3262 ‘eingeseuht,
589 3197 704 3263 einge-
780 3197 1313 3266 ervenit=‘hinanreiehen‘(bei

145 3259 293 3327 graben',
307 3262 517 3318 naohclassisch.
754 3213 951 3331 dlassangabe),
965 3266 1051 3321 sehon
1065 3264 1141 3322 Caes.

179 3333 219 3384 29.
233 3331 343 3396 irrrrplt
356 3330 453 3385 urbem
466 3331 491 3385 d.
509 3332 533 3386 h.
548 3330 592 3386 dic
605 3329 703 3386 beiden
790 3334 831 3384 32.
857 3333 1071 3388 miraculum.
1112 3335 1190 3390 Auoh
1217 3335 1313 3392 Strabo

146 3396 310 3453 Stadttheile
326 3415 348 3452 s.
366 3402 389 3454 3.
408 3402 431 3454 t.
451 3403 473 3454 1.
491 3425 525 3436 -
546 3399 651 3454 ullum
668 3398 704 3453 ist
756 3398 870 3453 rechuet
886 3399 930 3455 die
950 3400 1028 3455 horti
1045 3401 1174 3467 pensiles
1196 3403 1251 3459 wie
1273 3402 1314 3458 die

143 3464 329 3584 proleptisclm
341 3464 459 3521 essollte
469 3465 578 3522 heissen
588 3465 704 3520 meritum
756 3463 866 3520 llauern
876 3465 1012 3534 Babylons
1026 3484 1060 3523 zu
1070 3467 1124 3524 den
1137 3470 1313 3527 'lllleltwun-

155 3532 259 3595 ,vehit
282 3539 313 3588 ut
330 3532 385 3588 ulte
404 3540 564 3599 cormesius,
587 3547 704 3588 concer—
756 3531 832 3588 dern.
849 3562 881 3569 -
904 3537 1138 3601 proceritatc,
1158 3537 1214 3593 wie
1235 3538 1261 3604 ε.
1282 3539 1313 3589 28

144 3604 227 3654 cutus
240 3601 286 3654 sit.
755 3602 958 3667 magnitudine.

178 3671 218 3721 30.
231 3666 391 3724 harenae.
411 3667 703 3724 llieserSatzistziem·
788 3673 830 3748 33.
847 3670 1048 3725 instructoe
1060 3687 1083 3724 s.
1096 3669 1123 3735 S.
1141 3674 1188 3735 253
1206 3671 1312 3729 solum

143 3732 197 3788 liclr
214 3733 329 3790 sinnlos.
359 3733 430 3790 Nach
450 3735 526 3792 lliod.
544 3736 619 3790 hatte
640 3751 701 3789 man
754 3730 944 3803 =opdqrmpou
958 3735 1122 3798 einelleclxe,
1137 3737 1181 3793 ein
1192 3738 1310 3795 Platean.

143 3817 193 3857 vor
206 3801 383 3857 denPleilem
397 3802 445 3858 der
457 3801 589 3858 bstaxlien
602 3802 701 3870 langen
753 3805 895 3869 quatiens
920 3810 1051 3869 terrae,
1076 3805 1217 3872 poetisch,
1242 3805 1309 3863 doch

143 3868 248 3925 Briche
265 3869 487 3938 spitzwinhelige
505 3868 630 3926 Vorbaue
652 3885 701 3936 ge·
754 3873 846 3925 omnis
859 3871 1307 3940 ncteiumputlensschonheibiv.

142 3937 242 4001 macht,
256 3936 403 3992 damitsich
416 3937 603 3993 derStroman
617 3938 699 3992 ihuen
752 3965 784 3975 ·-
809 3940 961 3995 iniciunt
1039 3940 1148 4005 repant.-
1169 3939 1241 3995 denn
1262 3938 1308 3994 der

143 4002 243 4058 hracho
263 4005 459 4070 (illideretur).
499 4004 643 4061 Vielleicht
664 4006 700 4060 ist
753 4005 807 4059 Rau
820 4005 935 4062 bestand
948 4008 1016 4062 nach
1029 4005 1097 4075 §.at
1108 4007 1180 4061 noch
1193 4004 1305 4061 nurZelt

142 4071 186 4126 eiu
200 4070 262 4125 Satz
275 4072 364 4128 dieses
378 4072 479 4129 lnhalts
493 4073 561 4128 nach
580 4088 640 4140 rep.
653 4088 699 4128 so·
752 4071 799 4127 des
813 4071 841 4126 C.
856 4072 936 4139 (oder
948 4074 1039 4130 seiner
1051 4071 1167 4140 Ouelle).
1178 4098 1212 4109 -
1270 4087 1303 4125 a·

142 4137 699 4205 lomausgelahen-acrius...llll-
751 4089 1301 4205 tiomhtervouuerbiete.wieder

141 4206 250 4269 ditur,
263 4205 317 4260 wie
327 4209 350 4262 6.
368 4211 392 4262 3.
405 4210 430 4261 4.
460 4207 507 4264 llie
525 4206 698 4277 llauptsache
751 4222 804 4261 von
817 4206 867 4262 der
879 4206 983 4272 boue
998 4212 1034 4264 ut
1044 4210 1076 4264 si
1085 4222 1106 4261 s.
1118 4203 1185 4259 Elnl.
1197 4204 1225 4268 3.
1236 4207 1274 4259 42.

141 4270 229 4328 hleibt
241 4275 515 4342 unausgesprochen,
532 4275 593 4330 dass
611 4275 698 4332 durch
784 4279 826 4330 34.
839 4275 946 4331 durat
957 4280 1040 4332 s.3.4.
1049 4278 1090 4332 10:
1103 4268 1295 4349 ehendasauch

141 4338 236 4395 diesen
248 4337 371 4407 heltigen
383 4341 496 4411 huprall
509 4341 552 4397 die
562 4341 638 4398 llralt
650 4342 697 4398 des
749 4346 801 4398 vet.
815 4342 919 4399 exedit.
931 4370 966 4382 -
979 4342 1131 4410 parietes
1189 4340 1303 4390 enter-
