2886 4900
356 285 598 334 nrsronrnnum
619 285 825 334 nrtnxuunm
846 286 940 353 vum,
966 285 989 334 1.
1195 273 1258 339 159

82 439 277 503 exaedificari
297 439 396 510 iubet,
420 447 468 514 ut,
492 457 559 501 cum
584 447 673 502 totam
690 442 788 502 Asiam
811 443 1061 519 percucurrisset,
1084 444 1173 504 finem
1196 451 1256 505 ter-

80 520 207 591 rarum,
231 543 328 594 mare,
351 525 500 586 inviseret.
546 523 636 586 Multa
659 527 783 586 materia
810 526 920 586 navalis
942 529 974 587 in
1002 529 1149 605 proximis
1172 546 1292 599 mon-4

80 608 168 670 tibus
195 615 274 669 erat:
308 626 397 688 quam
429 609 555 671 caedere
583 608 716 688 adgressi
750 609 960 688 magnitudinis
994 611 1159 672 invisitatae
1187 629 1256 690 rep·

79 710 195 772 perere
224 699 387 773 serpentes.
438 692 652 755 Rhinocerotes
681 711 812 772 quoque,
841 712 944 756 rarum
973 694 1044 756 alibi
1071 695 1193 766 animal,
1224 698 1291 767 ins

78 777 182 839 isdem
214 776 367 838 montibus
401 784 495 839 erant.
548 777 687 839 Ceterum
720 777 778 837 hoc
811 794 920 838 nomen
953 777 1051 839 beluis
1084 779 1210 841 inditum
1239 797 1255 840 a

80 860 225 922 Graecis:
249 862 397 922 sermonis
419 863 483 922 eius
504 861 600 939 ignari
614 859 693 923 aliud
714 858 815 939 lingua
830 879 883 923 sua
898 870 1052 941 usurpant.
1098 863 1160 924 ilex
1183 863 1291 934 dua-c

79 943 140 1006 bus
163 944 292 1006 urbibus
313 945 440 1005 conditis
466 945 497 1005 in
523 955 649 1025 utraque
676 945 823 1015 fluminis,
853 945 932 1026 quod
955 956 1160 1026 superaverat,
1190 948 1256 1026 ripa

80 1029 241 1108 copiarum
274 1029 364 1089 duces
397 1031 519 1090 coronis
552 1038 582 1090 et
610 1029 691 1091 mille
719 1031 819 1091 aureis
848 1028 983 1107 singulos
1012 1028 1116 1092 donat:
1146 1033 1256 1092 ceteris

78 1131 205 1193 quoquc
228 1129 283 1192 pro
305 1113 442 1191 portione
463 1122 514 1173 aut
536 1113 662 1190 gradus,
686 1131 774 1193 quern
796 1116 827 1174 in
847 1111 979 1175 {amicitia
996 1113 1181 1184 obtinebant,
1204 1123 1256 1176 aut

77 1201 216 1259 navatae*
231 1214 340 1276 operae
361 1195 458 1258 bonos
479 1195 597 1259 habitus
618 1205 672 1259 est.
708 1195 863 1270 Abisares,
887 1199 937 1277 qui
959 1201 1059 1276 prius,
1082 1216 1172 1278 quam
1188 1215 1255 1259 cum
1272 1219 1289 1271 '1

77 1281 161 1342 Poro
191 1279 399 1350 dimicaretur,
433 1279 545 1358 legatos
574 1280 612 1342 ad
638 1280 839 1343 Alexandrum
872 1284 1008 1351 miserat,
1043 1299 1149 1343 rursus
1180 1282 1255 1343 alios

78 1366 166 1426 misit
198 1363 389 1444 pollicentes,
423 1368 522 1427 omnia
554 1364 717 1436 iacturum,
758 1383 834 1445 quae
865 1368 1057 1445 imperasset,
1095 1366 1183 1428 modo
1216 1385 1254 1426 ne

80 1455 245 1528 cogeretur
267 1466 376 1528 corpus
399 1467 484 1511 suum
508 1448 634 1510 dedere:
658 1467 755 1529 neque
778 1451 857 1512 enirn
873 1457 923 1512 aut
938 1453 1004 1511 sine
1020 1452 1104 1528 regio
1125 1452 1253 1530 imperio

77 1535 232 1595 victurum
255 1541 307 1594 aut
333 1541 527 1610 regnaturum
556 1550 621 1595 esse
647 1536 805 1613 captivum.
850 1534 903 1596 Cui
929 1533 1095 1596 Alexander
1122 1536 1289 1608 nuntiaris

77 1620 184 1685 iussit,
214 1617 239 1678 si
267 1625 441 1696 gravaretur
463 1616 500 1678 ad
522 1635 555 1678 se
581 1619 699 1690 venire,
728 1619 826 1697 ipsum
848 1619 884 1678 ad
908 1636 976 1679 eum
999 1635 1064 1681 esse
1085 1626 1252 1680 venturum.

48 1693 69 1756 2
169 1701 246 1763 ilinc
261 1718 351 1781 porro
365 1719 453 1763 amne
468 1709 610 1781 superato
625 1702 662 1764 ad
677 1704 822 1764 interiora
844 1701 946 1763 Indiae
961 1703 1118 1782 processit.
1156 1701 1254 1764 Silvae
1271 1727 1288 1775 9

80 1794 170 1848 erant
206 1802 301 1865 prope
337 1787 368 1846 in
405 1788 573 1850 inmensum
610 1787 739 1863 spatium
776 1786 900 1847 diffusae
933 1787 1125 1866 procerisque
1162 1793 1192 1847 et
1224 1788 1253 1847 in

81 1871 222 1932 eximiam
237 1868 420 1931 altitudinem
436 1869 521 1930 editis
536 1868 693 1933 arboribus
707 1869 875 1931 umbrosae.
916 1870 1056 1947 Plerique
1070 1871 1145 1931 rami
1160 1871 1254 1931 instar
1273 1894 1306 1943 10

78 1956 249 2034 ingentium
264 1954 397 2031 stipitum
412 1953 481 2015 llexi
496 1956 527 2016 ln
544 1953 664 2016 humum
681 1971 800 2021 rursus,
817 1972 875 2033 qua
889 1970 922 2014 se
936 1961 1141 2023 curvaverant,
1158 1956 1253 2031 erige·

80 2038 208 2108 bantur,
237 2037 311 2099 adeo
333 2046 366 2098 ut
386 2038 501 2117 species
523 2046 603 2102 esset
631 2056 690 2099 non
711 2039 795 2099 rami
823 2039 1025 2115 resurgentis,
1055 2036 1108 2099 sed
1136 2036 1255 2098 arboris

81 2270 336 2338 Vorhergeheudeu
359 2287 392 2326 zu
412 2270 576 2326 eutuebmen
598 2268 642 2325 boi
694 2270 738 2334 20)
756 2261 864 2390 erpiebt
882 2269 954 2348 sich,
978 2269 1040 2325 dass
1063 2268 1138 2325 diese
1155 2269 1255 2326 Worte

80 2353 136 2396 nec
156 2340 280 2405 repertio
297 2344 382 2393 unten
401 2341 425 2392 9.
445 2344 468 2394 1.
694 2337 731 2390 im
743 2352 781 2391 uu
794 2336 983 2401 reuudlrcheu,
998 2336 1157 2392 drohendeu
1171 2337 1254 2394 Siune

115 2427 141 2478 5,
162 2437 280 2477 rapum
365 2419 502 2477 animal·
533 2419 641 2476 ghenso
694 2402 869 2460 auiculasseu
891 2402 961 2459 siud.
983 2433 1016 2442 —
1042 2403 1122 2460 hinc
1146 2420 1255 2471 porro

80 2488 212 2546 collectiv
229 2490 255 2540 8.
274 2492 313 2544 14.
334 2491 367 2541 23
385 2502 482 2556 equos,
507 2488 643 2554 pauidum
695 2485 793 2527 “mne
805 2477 981 2538 iuverat&
1012 2470 1065 2526 Der
1079 2479 1256 2552 uigesstnble

80 2556 200 2613 animal,
233 2553 508 2622 zursgehevgpgjg
524 2553 641 2609 Nopjzg
693 2537 773 2593 rluss
796 2537 867 2594 lanu
890 2554 943 2593 nur
966 2537 1015 2593 der
1032 2539 1161 2594 dcesmes
1186 2553 1255 2602 seru,

79 2629 105 2680 9.
118 2626 161 2680 16.
181 2622 285 2678 modos
298 2622 406 2690 sprichg
418 2637 473 2678 von
488 2621 642 2688 Schlangen
693 2604 764 2661 tiber
781 2605 880 2660 dessen
897 2603 1035 2670 Richtuug
1054 2604 1081 2660 C,
1099 2604 1157 2660 sich
1179 2605 1256 2684 niclrt

9 2728 11 2736 ,
79 2691 140 2748 und
159 2688 273 2746 dilen,
694 2672 773 2728 recht
816 2669 877 2727 lrlar
924 2685 1054 2737 gewesen
1107 2688 1142 2726 zu
1195 2687 1254 2727 sem

114 2779 141 2830 6.
161 2773 295 2830 duobus
317 2772 476 2836 urbibus,
499 2771 542 2827 die
565 2775 590 2823 3.
609 2773 642 2822 23
694 2739 802 2795 ⁸⁰h⁰i¹¹²
815 2737 849 2806 (³·
862 2742 886 2796 ³·
900 2741 949 2801 ²⁰³
962 2741 987 2794 4·
1001 2735 1035 2805 ¹)-
1064 2738 1140 2793 Auoh
1154 2737 1255 2793 Diodor

12 2847 13 2852 ’
80 2848 240 2911 genanuten
263 2839 357 2897 Stidte
383 2838 480 2896 Nicaea
503 2855 531 2895 u.
556 2837 642 2893 Buce·
694 2807 742 2861 ¹¹³¹
759 2807 787 2860 i¹¹
804 2804 939 2885 gleiehem
952 2804 1186 2882 zusammeflhlig
1202 2821 1255 2860 ¹¹¹¹?

78 2903 643 3098 insolentissimumiet
694 2872 1255 3073 {iglffilpgittti“titillet

80 3035 182 3100 Schlac
202 3040 302 3098 tieldes
319 3040 521 3120 ,gegrimdeten
548 3037 643 3095 Stadte

80 3119 143 3168 erst
171 3110 261 3176 einige
282 3109 340 3163 Zeu
366 3113 460 3189 spitep
485 3123 540 3164 von
566 3104 644 3161 Alex.
728 3127 753 3176 9,
784 3123 897 3185 silvae
931 3129 1041 3179 mm·
1091 3122 1180 3179 Hebe,
1210 3123 1254 3179 die

79 3179 145 3259 lite
161 3176 322 3256 nmen·
345 3189 543 3257 ouranense.
562 3188 644 3229 num·
693 3189 797 3260 nrupse
825 3207 878 3248 von
903 3191 944 3246 cos
964 3209 987 3246 s.
1005 3190 1075 3246 arnt.
1098 3189 1167 3256 sae
1180 3207 1203 3247 a.
1222 3218 1254 3229 -

80 3260 145 3301 mic.
169 3243 224 3300 Zur
235 3243 293 3299 Zett
305 3242 355 3298 der
368 3239 643 3298 erstenrom.llalser
694 3259 808 3315 edm-3·
844 3258 897 3315 per
908 3257 1014 3320 geisa„
1032 3259 1062 3314 ἡ,
1077 3258 1255 3314 aptitudinem

81 3311 197 3381 gaitein
209 3325 363 3367 aureue=
374 3312 408 3362 et
424 3310 551 3388 decurii,
571 3313 643 3387 918³
694 3325 732 3381 ist
749 3325 848 3393 analog
871 3326 921 3382 der
938 3325 1086 3393 Weudung
1127 3324 1255 3381 aulolum

81 3385 96 3433 ⁷
116 3377 215 3434 Thale?
228 3376 277 3444 ⁷¹le
289 3375 351 3445 888·
380 3376 417 3432 ⁰³
430 3376 457 3431 0·
475 3376 519 3431 (1¹0
537 3374 641 3442 8i¹⁰⁰h·
694 3408 734 3448 eac
748 3393 869 3460 planitie
886 3393 992 3457 editus,
1015 3391 1089 3448 Caes.
1105 3343 1135 3450 b.
1147 3407 1173 3459 g.
1185 3396 1210 3449 2.
1227 3395 1255 3444 8.

79 3447 215 3503 Dracbme
242 3445 303 3500 dem
329 3446 397 3500 rim.
424 3443 514 3498 Denar
539 3441 643 3509 gleich-
694 3457 756 3581 νῗι,
772 3458 905 3527 nglegens
927 3463 953 3515 g,
969 3463 995 3516 4,
1011 3463 1027 3512 3
1045 3474 1146 3518 „emm
1170 3474 1256 3525 prae-

82 3520 169 3578 καῖ’
201 3528 234 3568 ⁸⁰
269 3509 399 3567 mmm
431 3526 462 3566 es
487 3507 644 3630 f⁰¹ffef⁰⁰b²
695 3530 761 3582 ulis
778 3526 931 3582 arboribus
949 3525 1119 3582 umbrosum.

82 3581 129 3637 die
146 3579 231 3636 lline
243 3581 303 3634 zue
319 3579 510 3635 ourei==100
541 3590 644 3632 enervi.

81 3676 115 3685 -
134 3646 346 3704 obtinebunt.
386 3643 447 3712 Vgl.
466 3646 491 3698 5.
508 3646 534 3695 2.
553 3645 569 3695 5
587 3646 644 3697 ter·
730 3643 1135 3708 minctum-‚stipitum
1160 3640 1255 3697 bieser

82 3717 154 3772 tium
170 3713 263 3770 locum
280 3713 407 3769 obtinuit.
695 3709 800 3766 Beisatz
823 3709 924 3777 gebbrt
945 3707 1081 3764 uatdrlich
1110 3725 1153 3787 zu·
1171 3711 1254 3772 romi,

119 3785 143 3840 7.
161 3781 300 3849 locutos.
312 3782 470 3842 miserat,
490 3795 512 3834 s.
529 3775 601 3832 oben
619 3779 645 3832 8.
696 3777 774 3832 nicht
794 3793 829 3833 zu
852 3777 933 3844 sicori.
971 3775 1037 3831 liine
1060 3774 1254 3831 dbererustim-

83 3853 170 3905 13.1.
192 3876 225 3886 -
247 3845 457 3915 pollicentes
479 3844 534 3901 last
557 3842 644 3900 soviel
696 3845 793 3900 mende
832 3843 1015 3910 Schilderung
1057 3842 1148 3897 dieser
1192 3841 1253 3908 (Ba-

115 3914 328 3984 spolliciiuroc.
367 3911 501 3970 debnlicb
523 3911 643 3984 bortum
695 3909 812 3978 nauem)
841 3909 941 3966 Baumc
975 3908 1051 3978 giebt
1083 3908 1253 3988 Onesicritus

2 4033 3 4052 ,
118 3986 182 4038 vet.
202 3979 524 4048 inconsonantes&
544 3982 642 4038 leto.
693 3976 739 4032 bei
765 3976 864 4034 Strabo
888 3981 928 4032 15.
950 3980 1010 4030 oet.
1051 3974 1112 4043 Vgl.
1135 3975 1179 4030 d1e
1203 3976 1255 4032 Be·

2 4054 8 4078 *
110 4067 137 4108 er
160 4048 361 4106 Sebriitsteller
387 4046 470 4104 deult
495 4045 540 4102 bei
567 4046 644 4100 misit
694 4043 842 4101 scbreibun
874 4044 923 4100 der
940 4042 1115 4099 kriustlichen
1128 4041 1254 4099 Verbaue

2 4147 3 4152 κ
102 4116 165 4173 rebr
195 4133 230 4173 an
261 4116 314 4172 den
339 4113 459 4172 Momeut
488 4112 536 4170 des
567 4111 643 4168 llin-
695 4110 744 4167 der
769 4059 862 4168 llardb
879 4109 951 4168 oben
973 4113 997 4166 6.
1015 4113 1039 4166 ὅ.
1058 4114 1098 4165 14.
1118 4137 1147 4149 -
1172 4127 1253 4165 rur-

2 4215 3 4224 1
102 4181 232 4241 rollens
253 4184 298 4248 (=
315 4182 467 4247 venerunt)
485 4178 525 4238 als
538 4195 572 4236 an
590 4179 643 4236 den
694 4193 767 4243 ouo,
785 4196 852 4246 qua
869 4193 904 4236 sc
923 4181 1165 4234 curvaverant
1183 4177 1209 4232 d.
1226 4177 1253 4232 li.

2 4227 4 4322 l
98 4253 136 4308 ler
153 4249 367 4316 uosenaung.
694 4263 751 4314 quo
775 4246 891 4303 humum
917 4247 1076 4313 tetigerant.
1116 4243 1151 4299 lis
1178 4244 1254 4300 steht

120 4321 146 4376 8.
167 4323 356 4376 uenturum.
400 4318 456 4372 dus
482 4314 580 4370 Arrian
608 4315 643 4380 (5.
694 4314 938 4383 gewissermassen
955 4331 1012 4381 oua
1029 4312 1075 4370 iilr
1092 4312 1172 4375 iude,
1189 4328 1254 4380 quo.
