2752 4776
164 207 227 273 172
616 220 649 279 o.
673 218 777 268 cunm
800 218 882 267 surr

168 396 317 440 concursu
340 376 466 439 subinde
490 375 639 445 turbatur,
666 376 738 444 iter,
767 393 826 455 qua
848 382 964 435 meatur
986 373 1130 453 navigiis,
1159 374 1193 435 in
1220 382 1328 437 tenuem

117 479 150 529 10
168 463 284 525 alveum
307 463 433 540 cogitur.
477 461 579 539 ltaque
595 478 662 520 cum
678 458 776 520 crebri
798 460 906 520 lluctus
923 476 956 522 se
976 459 1157 521 inveherent
1179 466 1209 519 et
1222 460 1328 521 narium

168 549 238 609 hinc
261 564 380 626 proras,
408 547 478 606 hinc
504 545 597 606 latera
624 543 792 624 pulsarent,
821 542 988 605 subducere
1015 550 1123 605 nautae
1148 541 1243 625 [reia]
1268 562 1326 605 coe·

168 640 285 713 perunt.
330 631 386 692 Sed
411 632 572 691 ministeria
593 647 696 689 eorum
723 629 792 690 hinc
815 638 912 698 metu,
940 629 1009 690 hinc
1030 628 1214 708 praerapida
1235 626 1326 690 celeri·

119 727 228 779 neate
249 716 404 777 fluminum
426 723 619 792 occupantur.
664 713 697 774 lu
720 713 815 775 oculis
843 715 977 775 omnium
999 714 1059 775 duo
1086 715 1203 775 maiora
1224 714 1324 792 navigia

169 801 324 863 submersa
352 806 434 861 sunt:
469 800 594 871 leviora,
629 816 695 859 cum
720 808 750 859 et
779 800 842 880 ipso
870 799 1031 878 nequirent
1064 800 1145 875 regi,
1179 800 1211 859 ln
1242 800 1324 877 ripam

169 896 268 949 tamen
300 887 419 945 innoxia
453 883 573 964 expulsa
601 892 680 945 sunt.
732 884 798 962 lpse
826 902 879 944 rex
913 884 943 943 in
974 882 1184 963 rapidissimos
1214 884 1324 945 vertices

167 970 288 1040 incidit,
312 970 420 1049 quibus
441 971 551 1031 intorta
574 970 654 1030 navis
681 967 799 1046 obliqua
823 978 854 1029 et
874 964 1071 1046 gubernaculi
1093 968 1242 1048 inpatiens
1263 984 1322 1045 age·

119 1056 264 1119 labatur.
311 1054 370 1115 lam
393 1064 504 1115 vestem
528 1054 697 1114 detraxerat
712 1055 832 1132 corpori
853 1055 1042 1130 proiecturus
1057 1059 1157 1113 semet
1177 1053 1208 1112 in
1226 1051 1320 1113 lluroen

168 1142 329 1218 amicique,
363 1149 395 1199 ut
417 1142 593 1216 exciperent
614 1156 697 1207 eum,
731 1137 810 1199 haud
842 1138 948 1218 procul
980 1135 1093 1198 rabant
1115 1136 1319 1217 adparebatque

118 1240 150 1288 13
169 1243 278 1305 anceps
301 1222 468 1303 periculum
492 1230 551 1285 tam
573 1223 702 1283 nataturi
724 1239 811 1299 quam
835 1224 973 1301 navigare
993 1222 1223 1302 perseverantis.
1255 1220 1320 1299 Erga

168 1312 281 1387 ingenti
315 1310 476 1368 certamine
509 1309 659 1370 concitant
691 1326 792 1368 remos
825 1318 993 1387 quantaque
1030 1307 1074 1367 vis
1112 1307 1243 1369 humana
1269 1322 1320 1367 esst

167 1401 285 1474 poterat
306 1393 424 1453 admota
448 1402 506 1461 est,
530 1402 562 1453 ut
583 1391 706 1461 lluclus,
730 1393 779 1471 qui
801 1410 834 1453 se
856 1391 1051 1461 invehebant,
1078 1390 1320 1452 everberareulm.

118 1492 150 1538 14
168 1478 255 1539 Findi
283 1476 422 1537 crederes
450 1477 544 1538 undas
577 1485 607 1537 et
632 1482 714 1538 retro
746 1479 879 1554 gurgites
911 1476 1027 1537 cedere.
1073 1473 1189 1547 Quibus
1220 1474 1321 1537 tandem

168 1564 251 1623 naris
274 1571 375 1642 erepta
399 1580 459 1621 non
481 1570 580 1622 tamen
602 1563 694 1642 ripae,
708 1560 887 1641 adplicatur,
910 1561 962 1622 sed
984 1562 1015 1621 in
1036 1562 1212 1638 proximum
1233 1558 1321 1621 radun

168 1645 314 1708 inliditur.
373 1644 445 1707 Cum
484 1648 562 1707 amni
598 1645 708 1707 bellum
746 1648 837 1707 luisse
870 1647 1019 1711 crederes.
1070 1645 1153 1724 Ergo
1188 1646 1248 1725 aris
1278 1660 1321 1724 pro

168 1749 294 1792 numero
316 1731 474 1792 fluminum
500 1731 603 1811 positis
631 1731 835 1811 sacrificioque
862 1732 940 1792 lacto
967 1752 1030 1792 xxx
1057 1729 1154 1791 stadia
1182 1728 1320 1811 procedit

117 1828 149 1876 15
252 1814 324 1877 lnde
343 1824 462 1877 ventum
484 1825 528 1877 est
549 1818 580 1876 in
602 1818 757 1894 regionem
781 1816 979 1877 Sudracarum
1002 1812 1238 1895 Mallorumque,
1262 1802 1354 1893 quosld

168 1900 241 1961 alias
263 1900 373 1961 bellare
396 1903 475 1961 inter
491 1919 522 1961 se
543 1900 645 1961 solitos
666 1909 736 1961 tunc
758 1900 884 1981 periculi
904 1902 1029 1961 societas
1052 1900 1201 1961 iunxerat.
1239 1898 1319 1963 Nona·

167 1988 247 2065 ginta
270 1985 351 2047 milia
375 1987 524 2046 iuniorum
547 1987 678 2065 peditum
701 1988 732 2044 in
755 1988 845 2045 armis
868 1992 966 2054 erant,
989 1991 1110 2065 praeter
1131 1983 1189 2044 hos
1204 1984 1321 2065 equium
1364 2002 1366 2009 ·

117 2081 150 2128 ro
167 2093 188 2131 x
210 2068 289 2131 milia
312 2080 537 2149 nongentaeque
561 2070 729 2147 quadrigae.
774 2075 810 2130 At
831 2070 1024 2138 Macedones,
1053 2069 1104 2145 qui
1125 2072 1211 2130 omni
1233 2068 1322 2130 discri-

166 2157 249 2215 mine
272 2157 330 2215 iam
353 2155 510 2215 defunctos
522 2172 554 2215 se
569 2173 634 2215 esse
656 2154 859 2223 crediderant,
881 2163 1037 2235 postquam
1060 2155 1211 2232 integrum
1226 2150 1322 2214 belim

167 2257 234 2301 cum
259 2238 453 2300 ferocissimis
474 2239 574 2300 lndiae
597 2239 738 2316 gentilms
761 2256 918 2319 superesse
939 2245 1157 2317 cognoverunt,
1186 2238 1323 2319 inproviso
1363 2237 1366 2306 l

166 2332 247 2383 melu
279 2324 374 2383 territi
396 2342 500 2384 rursus
523 2324 672 2384 seditiosis
696 2322 814 2383 roribus
843 2340 943 2400 regem
972 2324 1129 2402 increpare
1159 2328 1323 2404 coeperunt:
1363 2307 1366 2340 ¹

166 2504 245 2561 class.
264 2521 317 2560 nur
337 2524 391 2562 von
409 2506 549 2562 Personen
571 2505 673 2563 riblich.
691 2536 723 2544 -
775 2509 860 2561 amni.
895 2505 1071 2562 Uebe'rsetze:
1097 2522 1126 2562 es
1144 2522 1216 2570 war,
1241 2505 1279 2562 als
1295 2502 1324 2561 ob
1364 2486 1366 2494 ¹

166 2590 239 2629 mee
251 2580 309 2629 tur
327 2592 348 2631 s.
368 2580 394 2627 3.
412 2578 436 2629 6.
457 2579 496 2629 14.
777 2575 820 2629 ein
837 2573 955 2643 Kampl
971 2574 1021 2629 mit
1041 2573 1102 2629 dem
1120 2572 1218 2629 Flusse
1236 2573 1324 2629 durch·

184 2663 239 2737 ¹10.
259 2658 455 2739 ¹subducere
468 2659 558 2721 velo,
574 2659 630 2714 ‘die
643 2657 724 2738 Segel
775 2640 916 2722 gekamplr
935 2642 1065 2726 ,worded
1086 2641 1134 2696 sei·
1168 2641 1239 2762 ygl-
1264 2633 1323 2704 rods

167 2724 309 2781 erurelleu’
328 2744 383 2782 wre
401 2727 425 2781 b.
445 2726 519 2783 Alex.
537 2731 579 2780 45.
597 2731 621 2778 4.
655 2725 725 2781 Vrel-
775 2727 906 2790 '‘qlsslwv
929 2710 1034 2774 ομοίως
1060 2711 1175 2776 Attii&
1222 2724 1323 2775 wilm·
1364 2749 1366 2761 ι

164 2794 249 2849 leiclrt
283 2794 390 2850 schrieb
421 2796 447 2849 C.
477 2812 530 2850 nur
566 2794 725 2850 subducere
776 2792 913 2856 σὲμενθθν
942 2776 1017 2857 ⁰¹⁰d:
1048 2804 1078 2814 “·
1112 2792 1194 2843 θ”θθ
1228 2775 1323 2857 bellem
1363 2789 1366 2859 ἐ

166 2865 218 2925 (30,
237 2864 336 2927 naves)
355 2886 388 2906 =
413 2856 557 2925 ἀνέλκειν,
581 2878 629 2918 ans
650 2862 723 2917 gand
776 2844 835 2899 sich
853 2862 906 2900 nur
924 2844 972 2900 aul
988 2845 1032 2900 dre
1050 2843 1102 2900 abl.
1121 2843 1250 2909 absoluti.
1363 2861 1366 2899 r

164 2927 283 2991 treibon,
312 2928 436 3052 spu.
463 2960 493 2967 -
521 2937 621 2985 aestu
648 2931 673 2984 d.
698 2931 724 2986 h.
811 2934 850 2984 15.
877 2928 1126 2986 Sudracarum.
1170 2930 1246 2985 lliese
1272 2928 1323 2983 dem
1364 2930 1366 2936 '

165 2995 252 3049 durch
283 2996 326 3052 die
369 2998 576 3064 rochgehenden
607 2997 723 3065 Wogen,
776 2993 1323 3053 altindischenXudralranahelrommende

165 3062 209 3116 die
245 3062 335 3117 starke
371 3064 529 3131 Strdmung.
558 3094 592 3103 —
622 3082 723 3121 occu·
775 3064 855 3120 Form
875 3064 922 3120 des
939 3064 1055 3120 Nameus
1078 3065 1126 3119 hat
1148 3065 1218 3121 auch
1235 3063 1321 3119 lustin.

161 3145 250 3251 pere
269 3128 420 3197 (φθάνειν)
438 3133 476 3186 ist
489 3131 629 3187 mebrlach
642 3134 723 3187 aiem·
774 3134 872 3187 Arrian
895 3149 921 3187 u.
944 3150 967 3188 a.
988 3131 1076 3188 haben
1099 3133 1152 3187 den
1175 3131 1274 3188 Namen
1293 3144 1321 3183 au

176 3197 219 3251 ich
238 3221 271 3239 =
290 3199 433 3264 inpedire,
452 3199 579 3254 turbore.
775 3199 930 3266 Oxydracac
977 3199 1112 3266 graoisin.
1169 3200 1220 3255 llas
1263 3195 1322 3253 voh
1364 3252 1366 3259 ,

199 3270 238 3321 11,
277 3267 434 3320 innoxio.
487 3266 578 3322 Schon
619 3266 722 3322 Sallust
774 3269 888 3323 wohnte
903 3268 1042 3323 zwischen
1054 3267 1137 3323 ludus
1156 3284 1184 3322 u.
1196 3267 1321 3323 Acesines.
1364 3277 1366 3284 '

163 3331 281 3388 braucht
299 3332 347 3388 das
365 3333 446 3388 Wort
465 3333 586 3398 (Caesa)
605 3334 640 3389 im
659 3351 721 3403 pas·
774 3362 806 3371 -
841 3334 1103 3402 Medorumque.
1160 3334 1205 3390 Sie
1240 3347 1321 3389 waren

164 3400 240 3456 siven
276 3401 356 3466 Sinn,
397 3399 520 3468 haofiger
557 3401 600 3455 die
636 3401 722 3457 Naclr·
774 3402 894 3458 sesshalt
912 3401 1180 3459 amunterenLaule
1199 3400 1321 3466 desllya·
1364 3426 1366 3452 :

164 3468 305 3525 classiker.
774 3477 857 3528 rotes.
899 3471 989 3527 Schon
1013 3471 1049 3524 im
1073 3469 1169 3526 altind.
1187 3469 1259 3537 Epos
1278 3467 1321 3523 lla·
1363 3476 1366 3529 ξ

198 3542 237 3588 1⁶2.
268 3552 397 3604 anceps
423 3537 632 3603 pericolum,
667 3553 721 3592 ron
773 3537 922 3594 habhorata
955 3538 1067 3594 werden
1102 3536 1147 3593 die
1178 3536 1322 3602 machtigen
1364 3597 1366 3604 Ι

162 3603 260 3659 beiden
284 3605 376 3660 Seiten
403 3603 541 3666 drohcnd‚
570 3606 597 3660 in
626 3605 721 3659 beiden
773 3603 1321 3662 lelrerMalavaundlludrakaerwahni.

162 3670 254 3727 Fallen
268 3672 357 3739 gleich
370 3687 460 3739 gross.
495 3671 531 3726 lla
544 3672 591 3727 das
604 3672 721 3727 Horaus·
773 3671 852 3729 beide
870 3674 1005 3740 gehdrten
1019 3689 1054 3729 au
1071 3673 1124 3728 den
1143 3678 1322 3739 sogenaunten

163 3740 294 3863 {relisi
320 3740 401 3874 ddi
432 3738 721 3863 m³⁰i¹iidib⁵il¹³⁰¹¹
773 3741 920 3863 pqqpm
941 3733 1193 3864 lllr‘lrild·
1214 3737 1321 3862 ledi
1364 3739 1366 3746 ’

196 3879 236 3930 13.
254 3881 450 3941 poteratsc.
470 3877 622 3932 admoueri.
646 3875 721 3930 Erre
774 3875 924 3931 stehenden
958 3876 1064 3931 lndern.
1093 3904 1126 3913 -
1156 3878 1192 3931 in
1225 3872 1321 3930 ermis

160 3942 198 3996 ist
224 3942 301 3998 wohl
329 3959 361 3998 zu
390 3944 536 4000 streichen.
562 3972 597 3982 -
622 3959 720 4000 ever·
773 3949 886 4006 erent,
937 3943 1120 4011 zeugmatisch
1173 3942 1242 3999 auch
1282 3934 1322 3994 aul

159 4009 391 4073 beroreetur,
410 4029 431 4066 s.
449 4015 473 4067 6.
494 4016 533 4067 11.
551 4016 591 4067 31.
790 4010 1114 4077 oodripoezubeaichen.
1132 4009 1319 4077 vglnbrigens

152 4134 162 4156 ‚
194 4082 234 4133 14.
253 4079 419 4134 inliditur
436 4101 469 4122 =
488 4073 628 4145 μετὰτῶν
646 4078 719 4132 νεῶν
769 4029 846 4134 diod.
866 4083 905 4134 17.
925 4082 968 4133 98.

157 4142 239 4210 Αλὲξ.
260 4143 301 4206 εἰς
319 4141 374 4212 τὴν
394 4148 449 4213 γῆν
473 4140 621 4213 ἐξέπεσεν,
642 4145 718 4201 Diod·
805 4149 844 4202 16.
862 4147 904 4201 At
920 4146 954 4202 M
959 4147 1147 4207 dcedonese
1165 4151 1196 4201 dl
1212 4168 1245 4188 -·-·
1264 4155 1320 4197 coll·

156 4239 190 4250 ·-
203 4216 301 4269 urani.
328 4214 355 4268 C.
367 4216 414 4270 hat
427 4213 515 4269 neben
533 4229 615 4270 omne
627 4215 718 4269 mehr·
770 4220 816 4268 tre
835 4213 861 4268 d.
879 4214 906 4270 h.
923 4215 965 4270 im
979 4215 1170 4282 Gegensata
1188 4230 1222 4269 zu
1239 4211 1319 4267 dieser

155 4278 219 4335 lach
237 4281 281 4336 die
299 4283 377 4338 mehr
395 4281 619 4338 alterthrimliche
637 4281 717 4337 Form
770 4281 979 4349 imponirendeu
996 4282 1094 4339 blacht.
