2752 4776
333 216 587 270 nrsroeraeunr
603 218 820 273 anexannm
838 222 890 284 111,
910 224 950 273 13.
1192 224 1233 287 87

58 407 135 469 que,
159 389 212 465 qui
235 405 286 449 eos
305 385 579 465 prosequebantur,
612 387 717 449 eodem
745 399 826 450 metu
854 409 936 451 arma
963 393 1074 453 iactare
1101 412 1135 454 ac
1163 403 1233 455 nota

58 471 245 534 deverticula
260 483 364 552 petere
379 479 551 550 coeperunt.
583 470 769 542 Praefectus,
794 477 877 553 quasi
900 478 1016 553 etipse
1038 480 1227 548 conterritus,
1250 498 1282 545 to

58 554 208 618 simulans
237 564 342 618 cuncta
369 573 479 636 pavore
509 554 706 632 conpleverant.
750 557 891 619 iacebant
918 561 987 621 totis
1020 562 1132 638 campis
1160 581 1232 640 opes

59 643 177 719 regiae,
201 639 250 701 illa
272 642 400 719 pecunia
422 639 570 719 stipendio
584 641 698 717 ingenti
713 639 839 702 militnm
854 651 1045 722 praeparata,
1068 643 1119 706 ille
1135 644 1232 707 cultus

60 734 105 786 tot
131 723 281 787 nobilium
303 726 449 795 virorum,
474 730 517 784 tot
535 722 695 784 illustrium
716 723 909 797 seminarum,
939 746 1028 789 aurea
1042 747 1124 797 vasa,
1149 733 1233 791 aurei

59 810 154 878 freni,
184 807 375 871 tabernacula
397 808 491 886 regali
518 808 735 885 magnificentia
764 817 882 880 ornata,
912 811 1047 872 vehicula
1074 830 1192 891 quoque
1215 833 1231 874 a
1251 833 1281 880 tt

59 895 122 953 suis
144 893 302 963 destituta,
325 895 454 972 ingentis
476 889 644 968 opulentiae
665 891 768 970 plena,
793 894 883 955 iacies
906 896 993 955 etiam
1016 897 1231 975 praedantibus

59 978 168 1048 tristis,
197 978 223 1037 si
245 994 374 1056 quares
396 979 546 1038 avaritiam
574 983 751 1037 moraretur.
797 975 913 1058 Quippe
939 987 984 1040 tot
1011 997 1158 1041 annorum
1185 984 1233 1041 in-

59 1058 199 1121 credibili
222 1069 251 1121 et
276 1060 366 1123 iidem
394 1061 557 1123 excedente
584 1060 703 1121 fortuna
730 1059 877 1123 cumulata
905 1071 976 1123 tunc
1003 1061 1059 1123 alia
1088 1064 1232 1143 stirpibus

62 1143 206 1214 lacerate,
237 1144 294 1206 alia
321 1147 352 1207 iu
382 1163 507 1207 caenum
540 1143 677 1205 demersa
704 1145 918 1207 cernebantur:
957 1164 1018 1207 non
1047 1147 1232 1209 sufficiebant

13 1226 271 1309 bbpraedantium
293 1247 398 1292 manus
419 1230 558 1309 praedae.
602 1228 724 1308 lamque
747 1231 833 1290 etiam
857 1230 892 1291 ad
917 1249 983 1300 eos,
1006 1232 1059 1309 qui
1080 1232 1170 1309 primi
1184 1232 1229 1291 lu·
1251 1251 1282 1299 ta

60 1324 183 1392 gerant,
211 1323 331 1375 rentum
354 1322 427 1376 erat.
471 1314 612 1375 Feminae
633 1311 793 1393 pleraeque
819 1332 927 1394 parvos
944 1315 1096 1376 trahentes
1119 1315 1231 1377 liberos

59 1397 158 1459 ibant:
180 1398 261 1458 inter
283 1415 356 1476 quas
380 1408 441 1461 tres
463 1398 547 1459 inere
569 1397 712 1474 virgines,
736 1397 825 1466 Ochi,
855 1401 905 1477 qui
929 1406 996 1459 ante
1024 1399 1154 1460 Dareum
1182 1419 1231 1460 re·

59 1489 219 1561 gnaverat,
240 1480 332 1553 filiae,
362 1483 433 1544 olim
456 1482 575 1562 quidem
598 1499 634 1541 ex
655 1481 772 1559 fastigio
793 1490 921 1561 paterno
942 1501 1045 1544 rerum
1068 1485 1231 1544 mutatione

59 1564 229 1635 detractae,
263 1566 315 1627 sed
343 1575 405 1628 tum
434 1575 545 1629 sortem
580 1582 682 1627 earnm
712 1565 862 1627 crudelius
896 1567 1074 1646 adgravante
1101 1567 1229 1629 fortuna.

59 1649 91 1710 ln
121 1649 228 1711 eodem
258 1667 349 1730 grege
376 1669 452 1711 uxor
480 1668 598 1730 quoque
627 1649 757 1710 eiusdem
786 1650 861 1712 Ochi
886 1653 942 1712 luit
969 1651 1167 1729 Oxathrisque
1189 1686 1232 1695 —
1251 1671 1282 1718 13

57 1735 154 1795 frater
176 1732 226 1794 bio
255 1741 318 1796 erat
344 1733 433 1796 Darei
459 1770 501 1779 —
522 1734 583 1796 iilia
612 1740 641 1795 et
674 1735 781 1794 coniux
807 1735 958 1805 Artabazi,
988 1737 1130 1815 principis
1158 1755 1230 1815 pur·

57 1825 251 1897 puratorum,
274 1819 425 1899 filiusque,
450 1821 499 1879 cui
521 1819 632 1880 llioneo
655 1818 710 1878 luit
733 1836 853 1880 nomen.
897 1819 1082 1880 Pharnabazi
1100 1838 1228 1899 quoqne,
1251 1837 1283 1885 rt

57 1904 110 1963 cui
131 1919 280 1964 summum
302 1905 461 1983 imperium
484 1905 650 1964 maritimae
672 1919 743 1962 orae
765 1921 819 1963 rex
835 1903 970 1973 dederat,
995 1921 1069 1964 uxor
1084 1922 1153 1964 cum
1169 1903 1229 1963 lilio

57 1994 188 2064 excepta
209 1993 267 2055 est,
290 1987 431 2048 Mentoris
453 1986 530 2048 filiae
553 1995 614 2048 tres
636 2004 671 2047 ac
686 1985 860 2047 nobilissimi
876 1986 959 2047 ducis
974 1987 1139 2047 Memnonis
1157 2006 1228 2048 con·

57 2072 111 2130 iux
140 2078 171 2131 et
191 2068 283 2131 filius:
313 2072 421 2152 vixque
447 2071 507 2133 ulla
536 2071 642 2132 domus
669 2072 810 2148 pupurati
837 2070 893 2131 init
925 2076 1025 2131 tantae
1052 2069 1143 2130 cladis
1175 2089 1229 2132 ex·

56 2171 141 2230 pers.
186 2154 263 2215 Item
284 2159 368 2232 capti
386 2163 456 2217 sunt
479 2154 721 2236 [Lacedaemonii
744 2162 773 2213 et
794 2154 988 2215 Athenienses
1007 2156 1157 2215 societatis
1172 2155 1230 2214 lide
1251 2172 1283 2221 15

58 2237 168 2298 violata
189 2238 295 2300 Persas
316 2239 425 2321 secuti]
448 2241 628 2318 Aristogiton
652 2249 680 2300 et
708 2237 853 2317 Dropides
882 2246 911 2298 et
938 2238 1114 2318 Iphicrates,
1150 2240 1230 2299 inter

59 2322 256 2384 Athenienses
278 2338 389 2399 genere
411 2324 548 2403 famaque
563 2323 651 2401 longe
667 2322 837 2393 clarissimi,
861 2323 1088 2385 Lacedaemonii
1104 2324 1228 2402 Pausip-

60 2424 119 2485 pns
140 2414 169 2467 et
191 2407 434 2469 Onomastorides
456 2427 525 2469 cum
547 2408 676 2468 Monimo
700 2412 729 2467 et
744 2407 944 2478 Callicratide,
967 2408 999 2468 bi
1014 2426 1133 2487 quoque
1149 2408 1227 2468 domi

58 2489 185 2550 nobiles.
232 2491 352 2552 Summa
374 2494 518 2571 pecuniae
541 2494 673 2570 signatae
694 2494 750 2553 luit
777 2491 920 2553 talentum
948 2491 975 2552 ll
1001 2489 1080 2550 inilia
1110 2500 1139 2551 et
1166 2508 1281 2555 ses-16

55 2582 163 2643 centa,
200 2574 269 2635 lacti
299 2578 416 2654 argenti
448 2575 566 2655 pondus
598 2579 759 2654 quingenta
786 2575 939 2654 aequabat.
985 2574 1144 2635 Praeterea
1171 2592 1229 2633 xxx

57 2656 139 2719 milia
169 2657 323 2720 hominnm
346 2679 413 2721 cnm
435 2675 487 2721 vir
515 2658 632 2721 milibus
661 2662 860 2720 iumentorum
883 2658 971 2718 dorso
995 2674 1086 2717 onera
1108 2665 1229 2734 portan-

93 2875 547 2941 sequestrationem,
565 2878 620 2934 wie
670 2883 713 2931 tes
727 2874 924 2930 trahebantur.
941 2901 974 2909 -
997 2871 1095 2937 Ochi,
1117 2872 1231 2928 Persen·

55 2940 619 3009 §.bertelmo—simulans,zuverb.
671 2942 973 3009 konigvon359-338.
1002 2941 1230 3008 edereedere.

55 3009 110 3064 mit
120 3008 619 3077 conpleverar.(vielleichteiulansr)
672 3006 1231 3078 adqr.istsrlronbeiLiv.:versehlim-

54 3104 91 3114 -
109 3076 287 3143 stipendio
308 3079 446 3144 inuenti
465 3079 546 3135 nami.
563 3079 618 3135 sol·
671 3074 1162 3140 mern,dr1ickendermachen.
1186 3074 1232 3128 nie
1281 3117 1284 3123 .

55 3143 160 3199 vendo.
189 3142 248 3198 Von
266 3142 420 3201 Classikern
437 3147 508 3201 wird
530 3147 620 3214 regel·
671 3143 723 3200 abl.
748 3143 804 3199 abs.
833 3141 1025 3199 umschrciben
1059 3142 1101 3197 ein
1131 3141 1231 3208 Eigen-

54 3210 164 3277 massig
179 3226 363 3277 praeparare
379 3214 428 3268 mit
446 3215 486 3269 cd
503 3213 620 3269 verbim·
671 3211 857 3274 schaltswort,
870 3217 955 3265 etwa:
972 3210 1058 3276 plone
1071 3208 1230 3275 confectae.

55 3277 120 3334 den.
150 3278 324 3344 stipendium
341 3279 399 3335 bez.
419 3281 479 3336 hier
494 3281 538 3336 die
559 3281 620 3336 Ge·
673 3283 712 3334 11.
725 3283 766 3334 25.

55 3353 307 3402 sammtsumme
335 3346 384 3403 der
408 3364 441 3402 zu
470 3348 621 3404 zahlenden
708 3350 747 3402 13.
767 3345 951 3409 Oxathris,
970 3348 1008 3399 11.
1032 3348 1106 3398 8.-
1125 3342 1231 3421 rtrtn-

55 3411 205 3480 bdhnung.
673 3414 785 3478 buzis,
803 3416 826 3469 5.
844 3416 867 3467 9.
887 3416 914 3474 1;
935 3412 984 3467 der
1006 3410 1089 3465 Name
1110 3408 1230 3464 llioneus

93 3483 135 3535 11.
143 3480 302 3543 sacient
322 3482 621 3549 positionzndemvor-
673 3476 1232 3536 istsicherverderbt.-Pharnubuzi

56 3498 623 3616 hergeheudenPollsyndeton.llasWort
673 3553 696 3605 3.
711 3552 739 3611 1;
752 3547 945 3603 Memnonis
958 3549 982 3601 l.
993 3549 1040 3624 2t;
1057 3543 1232 3624 Mentoris

55 3614 156 3683 facies
177 3637 212 3657 =
234 3613 395 3680 hnbliek,
417 3616 491 3672 llild
512 3632 534 3672 c.
557 3632 619 3684 gen.
673 3619 726 3670 3.1.
739 3615 888 3670 Memnon's
901 3612 1169 3670 Gemahlmwardre
1184 3610 1232 3666 be·

59 3680 146 3738 findet
158 3680 218 3737 sich
236 3680 278 3737 olt
293 3681 338 3738 bei
351 3683 376 3738 G.
390 3712 423 3721 -
440 3685 572 3749 tristis,
591 3686 623 3740 si
673 3682 774 3739 hannte
785 3681 904 3745 Barsine,
918 3680 1036 3737 Toehter
1053 3679 1100 3735 des
1118 3678 1232 3734 Artaba·

59 3776 93 3787 -
109 3754 327 3814 moreretur,
346 3748 453 3807 Constr.
471 3750 526 3806 wie
542 3755 619 3806 217.
673 3767 730 3813 aus,
743 3749 812 3805 dies
835 3755 894 3804 iter
904 3766 957 3803 von
968 3746 1122 3803 Alexander
1129 3746 1232 3800 hlutter

59 3843 92 3855 -
116 3816 229 3883 fidem
252 3817 620 3898 excedentereaecedere
671 3767 974 3899 desHerculeswurde.
1107 3877 1125 3932 d
1165 3875 1206 3930 k·

62 3885 621 4021 ffmqqqerqqqeqdqeeqtqqqnquerqnpgq·
670 3878 1230 4019 nrlillrlgllillellllrldzlllanlenllnlll

64 4018 147 4074 sitien
158 4022 184 4073 6.
196 4021 220 4072 8.
671 4019 764 4075 Aristo
786 4019 845 4073 iton
868 4015 993 4072 erwahnt
1014 4012 1084 4067 anch
1108 4012 1170 4066 Arr.
1190 4010 1229 4066 als

96 4089 137 4141 12.
164 4084 327 4151 feminae.
367 4085 545 4143 Uebersetze:
577 4087 620 4143 die
673 4034 1229 4147 Gesamlte,uberzum'lheilbeianderem

68 4148 169 4208 irenen
187 4154 280 4218 (unter
292 4153 386 4276 ihneng
404 4153 516 4212 liihrten
529 4156 620 4211 mehr·
673 4153 779 4214 Anlass,
792 4149 847 4218 vgl.
859 4155 884 4207 2.
897 4154 929 4202 15
942 4165 968 4206 u.
981 4153 1005 4204 3.
1018 4151 1060 4205 24.

10 4254 14 4291 ;
70 4214 368 4277 iachauchkleinellin
388 4221 619 4285 eranderHand;
708 4222 747 4272 16.
772 4218 864 4286 facti
890 4217 1089 4278 ‘verarbeitet’,
1116 4215 1232 4281 degens.

10 4322 12 4347 ÷
71 4284 119 4350 νεὶ
134 4285 191 4345 biv.
202 4293 227 4345 6.
239 4292 264 4344 3.
276 4291 293 4341 4
306 4293 422 4356 nepotes
439 4289 521 4346 emilii
532 4291 619 4345 comi·
672 4286 781 4354 infecti.

10 4426 18 4641 t
