2752 4776
395 248 638 299 nrsromanuu
660 251 866 299 anuxauunr
889 253 954 317 vu,
978 251 1004 301 e.
1231 240 1273 304 93

51 398 91 465 38
188 402 269 464 Haec
292 404 440 483 expeditio
469 404 655 466 deficientem
678 423 784 483 magna
814 424 847 466 er
876 415 960 486 parte
982 410 1078 470 Asiam
1108 411 1183 470 larua
1212 420 1271 471 tam
1291 431 1322 480 ιτ

100 494 289 566 opportunae
316 490 458 565 victoriae
487 488 608 549 domuit.
659 490 789 549 Invictos
818 490 940 569 Scythas
968 510 1034 553 esse
1066 493 1271 555 crediderant:

99 569 213 649 quihus
233 571 339 633 lractis
361 570 473 633 nullam
502 581 620 650 gentem
644 573 839 634 Macedonum
867 577 959 635 armis
982 594 1083 654 parem
1113 577 1178 638 lore
1200 596 1272 638 cou-

77 652 272 716 utebantur.
315 656 418 734 ltaque
441 655 533 718 Sacae
556 658 666 717 misere
688 656 815 735 legatos,
845 658 895 737 qui
916 656 1129 738 pollicerentur
1151 671 1271 739 gentem

98 739 248 817 imperata
275 739 428 801 iacturam.
478 741 611 800 Moverat
639 758 689 801 eos
717 745 797 818 regis
829 760 888 802 non
917 745 1010 804 virtus
1041 746 1149 822 magis,
1183 763 1271 825 quarn
1291 763 1323 815 18

100 821 260 885 clementia
283 827 314 884 in
337 823 467 886 devictos
489 823 628 904 Scythas:
659 826 769 904 quippe
797 826 926 906 captivos
948 844 1052 888 omnes
1082 830 1146 890 sine
1175 831 1272 908 pretio

97 909 276 977 remiserat,
306 915 339 968 ut
360 908 447 969 fidem
477 908 590 968 laceret
612 908 668 969 sibi
692 927 759 970 cum
782 909 974 971 lerocissimis
995 913 1128 989 gentium
1152 912 1188 972 de
1210 912 1271 972 lor·

97 989 248 1061 titudine,
279 1009 339 1052 uon
371 991 409 1053 de
441 993 484 1052 ira
517 993 608 1053 luisse
641 999 802 1053 certamen.
854 995 988 1072 Benigne
1017 995 1107 1073 igitur
1139 998 1271 1075 exceptis
1291 1016 1322 1065 19

97 1073 245 1136 Sacarum
261 1075 365 1154 legatis
380 1078 520 1136 comitem
535 1077 699 1156 Excipinon
715 1076 810 1147 dedit,
834 1078 930 1140 adhuc
946 1079 1105 1140 admodum
1122 1081 1270 1148 iuvenem,

98 1160 209 1221 aetatis
230 1159 304 1221 llorc
330 1159 518 1221 conciliatum
547 1160 620 1229 sihi,
649 1162 702 1239 qui
729 1179 796 1222 cum
825 1164 926 1240 specie
959 1165 1096 1243 eorporis
1132 1168 1272 1242 aequaret

97 1242 368 1323 Hephaestionem,
401 1247 428 1304 ei
461 1245 564 1323 lepore
597 1245 675 1306 haud
710 1263 780 1306 sanc
810 1245 886 1306 virili
913 1265 968 1324 par
996 1265 1056 1308 non
1086 1254 1159 1308 erat.
1204 1247 1271 1326 lpse
1290 1267 1323 1316 20

99 1327 226 1389 Cratero
249 1345 315 1389 cum
339 1329 451 1389 maiore
477 1336 563 1407 parte
585 1331 733 1390 exercitus
759 1329 882 1391 modicis
903 1332 1061 1392 itineribus
1083 1333 1168 1411 sequi
1189 1332 1272 1391 iusso

99 1410 138 1471 ad
162 1411 339 1473 Maracanda
361 1411 466 1473 urbem
494 1415 661 1492 contendit,
692 1431 728 1474 ex
751 1432 808 1494 qua
832 1414 1018 1492 Spitamenes
1041 1422 1185 1494 conperto
1209 1416 1272 1476 eius

96 1494 230 1557 adventu
252 1497 358 1557 Bactra
384 1497 566 1576 perfugerat.
609 1498 712 1577 ltaque
735 1498 901 1578 quadriduo
929 1517 983 1559 rex
1009 1498 1131 1578 longum
1155 1501 1272 1560 itineris
1289 1517 1322 1566 21

97 1582 230 1660 spatium
246 1598 383 1642 emensus
405 1589 583 1660 perseuerat
603 1582 634 1642 in
651 1600 717 1643 eum
738 1582 855 1652 locum,
878 1584 908 1642 in
931 1602 989 1662 quo
1005 1583 1180 1645 Menedemo
1197 1584 1271 1644 duce

98 1664 162 1725 duo
184 1662 265 1725 mdia
287 1664 420 1744 peditum
443 1673 473 1726 et
496 1683 554 1726 eoo
583 1667 695 1744 equites
724 1667 872 1731 amiserat.
916 1667 1030 1728 Horum
1061 1685 1127 1728 ossa
1157 1664 1271 1728 tumulo

98 1749 223 1825 contegi
249 1749 336 1809 iussit
363 1757 392 1809 et
417 1749 540 1810 inferias
566 1766 651 1810 more
679 1751 776 1830 patrio
804 1750 895 1810 dedit.
946 1750 1007 1813 lam
1036 1752 1175 1813 Craterus
1203 1769 1271 1812 cum
1289 1767 1323 1817 ιι

97 1831 248 1910 phalange
269 1831 410 1914 subsequi
431 1835 529 1895 iussus
552 1832 588 1894 ad
610 1851 711 1912 regern
735 1843 919 1911 pervenerat.
965 1835 1068 1912 ltaque
1097 1842 1130 1895 ut
1156 1852 1271 1912 omnes,

101 1916 156 1994 qui
187 1915 371 1986 deiecerant,
406 1920 519 1996 pariter
553 1915 623 1978 helli
656 1916 738 1978 clade
772 1925 995 1997 premerentur,
1035 1920 1136 1997 copias
1168 1916 1272 1978 dividit

102 2002 210 2081 urique
232 2012 320 2080 agros
341 2011 371 2063 et
392 2002 522 2063 interfici
543 2000 674 2081 puberes
694 2000 787 2062 iuhet.

619 2135 695 2196 Car.
719 2135 755 2197 X.

51 2248 92 2313 39
189 2252 336 2330 Sogdiana
358 2253 441 2330 regio
465 2247 578 2315 maiore
601 2271 636 2314 ex
664 2259 748 2332 parte
776 2252 891 2314 deserta
919 2262 979 2315 est:
1010 2255 1179 2331 octingenta
1207 2253 1306 2318 lerel

99 2334 198 2397 stadia
225 2338 256 2396 in
284 2335 468 2398 latitudinem
502 2344 602 2398 vastae
635 2336 811 2397 solitudines
843 2345 956 2399 teuent.
1006 2337 1113 2417 lugens
1146 2339 1306 2417 spatione

99 2426 204 2482 rectae
225 2421 355 2498 regionis
378 2431 436 2491 est,
459 2438 514 2501 per
536 2440 624 2502 quam
640 2423 735 2483 amnis
749 2420 1015 2500 —Polytimetum
1030 2430 1136 2483 vocant
1156 2421 1272 2483 incolae

102 2600 241 2669 gehtngte
248 2600 337 2669 Notio,
348 2602 391 2660 die
403 2602 662 2660 Uubedeutenderes
746 2607 789 2660 20.
798 2604 841 2658 cd
849 2602 882 2658 M
886 2604 1048 2659 oracond
1052 2622 1082 2667 a,
1095 2603 1165 2659 nach
1175 2603 1273 2657 brrian

100 2669 273 2750 uaehtragt.¹
305 2739 311 2751 q
541 2739 547 2751 .
713 2673 741 2726 in
760 2669 916 2792 liolgebder
936 2670 1083 2726 Macbricht
1104 2671 1273 2792 ¹⁰¹¹.¹¹0¹d⁷·

103 2737 662 2872 ai·dilttttntulbitln
712 2737 1274 2885 init,trit‘ffldtbt‘tffinu

102 2868 189 2927 Sacae
206 2890 228 2928 s.
247 2870 319 2927 oben
336 2877 362 2927 4.
381 2875 405 2927 6.
712 2875 811 2928 Arrun
837 2870 941 2928 entllob
967 2870 1139 2939 Spitamenes
1168 2867 1210 2932 ele
1237 2888 1273 2922 τα

138 2942 179 2994 18.
202 2939 241 3016 de
262 2941 320 2995 ira
345 2963 379 2984 =
404 2957 453 2996 aus
479 2937 662 3001 lieindschalt,
714 2940 847 3006 βασίλεια
873 2939 924 3006 τῆς
946 2939 1113 3007 Σογδιανῆς
1135 2937 1191 2994 und
1218 2953 1273 2994 ron

100 3002 172 3060 Mass
196 3001 260 3070 (αι’
284 3001 390 3075 ὀργῆς).
427 3007 463 3063 So
486 3007 558 3062 wird
584 3007 661 3062 nicht
712 3007 746 3063 da
764 3007 833 3063 nach
852 3005 901 3062 der
918 3006 1008 3074 scyth.
1022 3007 1129 3063 Wtiste.
1158 3004 1273 3061 bleran-

102 3070 200 3152 selteu'
215 3072 336 3130 dieselbe
353 3074 529 3153 Priposition
551 3074 580 3128 iu
601 3090 661 3130 ver·
713 3074 786 3154 der,
798 3073 888 3128 lndem
907 3090 938 3152 er
954 3073 1002 3128 ihu
1023 3073 1105 3129 dahiu
1127 3071 1273 3140 verlolgte,

102 3138 265 3196 schredener
281 3140 443 3220 Bedeutung
460 3156 497 3196 un
511 3142 548 3197 Ge
569 3151 662 3197 ensatz
713 3148 832 3210 passrrte
850 3139 928 3196 daber
947 3140 993 3197 das
1007 3138 1208 3205 Schlacbtleld,
1227 3138 1277 3218 aul

101 3206 271 3263 verwendet
319 3206 378 3275 Vgl.
409 3208 462 3264 Cic.
493 3225 521 3277 p.
550 3157 608 3275 lig.
636 3212 661 3262 4.
714 3209 775 3264 dem
793 3207 967 3287 Menedemus
990 3208 1034 3263 die
1058 3205 1274 3263 erwahuteMre·

101 3287 241 3340 egressus
258 3289 315 3331 non
332 3275 664 3357 modo-nullumodbel·
715 3273 827 3343 derlage
854 3275 965 3356 erlrtten
997 3275 1081 3330 hatte.
1124 3272 1273 3352 ledenlalls

102 3340 664 3487 tusconentetrartum
715 3342 1077 3465 cruciationum
1087 3340 1275 3485 ιιιιιιιι

102 3473 161 3529 er.
172 3478 214 3527 39.
225 3479 281 3530 SA.
305 3476 441 3544 Vgl.aucb
452 3485 536 3533 uuten
547 3480 664 3534 10.5.i9.
716 3477 876 3532 erwahuten
886 3474 945 3529 Hau
966 3474 1052 3529 tstadt
1061 3489 1116 3529 von
1126 3472 1274 3530 bactriana.

139 3542 482 3612 19.Benioneipitur,
511 3543 663 3611 inturan-
715 3542 860 3600 Vielleicht
877 3541 914 3597 ist
957 3539 1104 3596 ribaotra
1131 3557 1166 3595 zu
1184 3539 1274 3603 lesem

102 3607 247 3688 lrnt'tpleud
282 3609 363 3734 aa?
400 3617 439 3668 18.
492 3610 545 3667 Her
581 3610 664 3666 Mame
714 3610 884 3678 wenigstens
915 3615 1000 3664 neunt
1025 3606 1184 3663 Ptolemaus
1215 3608 1275 3663 ciue

102 3674 250 3743 Exerplnus
263 3677 300 3733 ist
306 3680 335 3746 je
356 3678 453 3735 eulalls
466 3678 664 3734 verstdmmelt.
715 3677 793 3733 Stadt
818 3675 908 3731 dieses
930 3674 1046 3730 Nameus
1073 3674 1102 3729 in
1129 3674 1179 3730 der
1199 3672 1274 3731 Nube

102 3771 138 3781 -
155 3747 287 3801 aetatis
301 3746 410 3813 flore,
428 3746 665 3802 wieauderwarts
718 3744 765 3800 des
787 3743 959 3799 Arai-See's.
982 3770 1016 3778 -
1039 3740 1198 3808 inferior
1220 3742 1275 3797 de·

101 3808 148 3866 bei
167 3809 194 3867 G.
210 3812 283 3877 tiore
300 3817 404 3870 aetatis
421 3820 449 3869 et
465 3828 577 3878 rernm,
594 3827 667 3880 pue·
716 3813 768 3867 dit
785 3812 839 3866 wie
860 3815 898 3867 10.
920 3813 942 3864 1.
960 3814 1005 3868 303
1025 3808 1071 3866 Ov.
1090 3807 1152 3865 last
1170 3813 1194 3863 5.
1208 3811 1273 3870 422;

103 3879 202 3942 ritioe,
229 3881 370 3936 iuventae.
394 3909 426 3919 -
449 3883 566 3947 specie
589 3896 665 3935 eor·
717 3879 793 3934 Suet.
812 3877 867 3933 Cal.
887 3882 949 3933 311.
968 3880 993 3932 b.

101 3947 215 4012 ports,
238 3946 293 4002 wie
309 3951 334 4003 a.
351 3951 377 4004 4.
394 3952 439 4011 ns;
467 3952 491 4002 o.
510 3952 535 4004 1.
553 3951 600 4012 ao;
623 3951 664 4003 ao.
936 3975 993 4031 0st
1019 3974 1044 4029 X

103 4040 137 4051 -
153 4012 341 4082 Hephaestion
355 4031 414 4070 war
431 4014 665 4072 voustattlichem
995 4015 1001 4028 “
1046 4014 1052 4028 “
1251 4075 1257 4088 ‚

103 4079 210 4136 Wuchs
232 4081 288 4137 und
309 4081 515 4149 imponirender
531 4084 664 4138 deusser·
751 4082 775 4136 1.
793 4077 976 4158 Sogdiana
999 4079 1105 4144 reqio-
1146 4075 1208 4143 Vgl.
1231 4074 1275 4131 dre

104 4146 218 4204 liehlrelt
236 4166 258 4204 s.
273 4153 297 4204 3.
327 4153 365 4201 12.
389 4152 429 4202 16.
453 4177 487 4188 -
510 4167 577 4217 por
598 4165 665 4205 non
715 4145 923 4213 Hesobrerbung
940 4144 984 4201 bei
1002 4148 1063 4201 Αιι.
1079 4148 1104 4201 4.
1123 4146 1147 4196 6.
1166 4147 1250 4223 6—7,

105 4220 189 4271 erut.
224 4214 413 4271 Natbrlicher:
441 4215 664 4285 ubeodiffere-
750 4218 774 4269 2.
814 4220 934 4271 rectae
974 4214 1131 4280 redimit}
1170 4234 1204 4254 =
1242 4225 1275 4263 ¹¹¹

103 4281 159 4339 bat.
195 4282 221 4340 S.
241 4282 294 4338 den
311 4280 374 4339 krit.
392 4283 515 4350 Anhang.
717 4281 860 4350 gerader
881 4280 1062 4348 Richtung,
1086 4279 1144 4334 der
1165 4280 1276 4345 Lange

1285 4422 1309 4480 ,l
