2752 4776
340 262 580 311 rnsroumnuu
602 263 807 310 nnuxnnnnr
828 262 908 327 vlu,
932 262 956 311 2.
1173 249 1234 315 109

65 420 255 481 Bactrianam
277 418 371 486 misit,
402 426 584 479 commeatus
606 420 636 477 iu
659 417 787 478 hiemem
810 430 994 497 paraturum.
1038 419 1129 490 Quam
1160 419 1233 482 Clito
1253 423 1285 471 14

66 511 136 565 aute
158 503 359 566 destinaverat
374 505 565 583 provinciam,
582 504 725 581 Amyntae
741 502 835 563 dedit:
860 504 922 581 ipse
937 504 1072 585 Xenippa
1087 508 1233 584 pervenit.

66 588 207 669 Scythiae
229 588 353 649 confinis
375 595 420 648 est
448 589 530 665 regio
558 586 764 667 habitaturque
793 585 927 666 pluribus
960 607 995 649 ac
1028 589 1234 670 frequentibus

64 674 148 749 vicis,
172 674 241 753 quia
265 671 385 733 ubertas
407 681 505 733 terrae
528 690 587 733 non
610 671 763 749 indigenas
787 671 874 732 modo
903 673 1030 753 detinet,
1060 674 1112 735 sed
1144 678 1232 736 etiam

65 758 197 821 advenas
219 759 333 818 invitat.
380 757 605 817 Bactrianorum
628 757 760 826 exulum,
790 760 841 835 qui
864 756 900 817 ab
923 757 1088 819 Alexandro
1117 758 1284 820 defece-15

65 851 147 911 rant,
182 840 404 920 receptaculum
438 842 543 902 suerat.
590 840 648 902 Sed
676 851 834 921 postquam
857 859 958 921 regern
981 843 1138 904 adventare
1162 862 1232 903 con·

63 935 197 1007 portum¹
211 933 264 995 est,
287 925 365 1006 pulsi
387 925 423 986 ab
445 927 550 987 incolis
572 961 614 971 -
636 946 661 985 11
684 925 763 986 milia
785 926 849 986 iero
869 935 898 986 et
912 947 933 986 u
953 960 989 971 -
1006 938 1232 1005 congregantur.

64 1012 180 1074 Omnes
204 1011 318 1090 equites
341 1018 435 1078 orent,
459 1015 549 1071 etiam
571 1013 600 1070 in
624 1028 698 1088 pace
715 1009 879 1071 latrociniis
894 1011 1023 1072 adsueti:
1047 1022 1108 1071 turn
1124 1014 1233 1072 ferocia
1252 1018 1284 1066 tc

10 1150 14 1155 .
63 1098 186 1175 ingenia
209 1113 269 1156 non
292 1094 402 1156 bellum
424 1095 528 1165 modo,
552 1094 603 1155 sed
626 1096 712 1155 etiam
736 1096 837 1157 veniae
860 1094 1028 1175 desperatio
1051 1096 1232 1157 efferaverat.

64 1180 170 1261 ltaque
192 1199 230 1241 ex
252 1181 404 1261 inproviso
426 1178 522 1241 adorti
544 1181 707 1258 Amyntam,
731 1188 899 1258 praetorem
918 1180 1085 1250 Alexandri,
1110 1180 1158 1241 diu
1182 1200 1233 1241 an·

65 1284 137 1347 ceps
160 1264 308 1345 proelium
330 1264 476 1325 fecerant:
507 1264 542 1325 ad
565 1264 702 1324 ultimum
724 1283 786 1326 ooo
809 1283 931 1325 suorum
954 1267 1082 1335 amissis,
1106 1284 1232 1345 quorum
1252 1272 1283 1320 17

67 1368 126 1413 ooo
147 1349 244 1411 hostis
266 1351 355 1430 cepit,
379 1348 488 1410 dedere
510 1357 594 1426 terga
616 1348 786 1419 victoribus,
809 1349 889 1409 haud
912 1368 982 1410 sane
1005 1350 1099 1419 inulti,
1124 1353 1233 1430 quippe

10 1466 12 1478 ·
63 1456 151 1497 mx
164 1433 360 1497 Macedonum
383 1436 606 1503 interfecerunt,
630 1445 807 1514 praeterque
830 1453 882 1495 eos
905 1453 962 1497 ooo
979 1445 1008 1496 et
1021 1456 1041 1495 r.
1056 1436 1148 1496 saucii
1164 1436 1234 1495 iacti

10 1484 15 1590 l
63 1528 145 1581 sunt.
184 1520 307 1579 Veniam
329 1527 426 1579 tamen
451 1520 538 1580 etiam
560 1528 627 1598 post
649 1517 771 1579 alteram
788 1517 984 1580 deiectionem
998 1520 1231 1598 inpetraverunt.
1252 1524 1284 1573 18

10 1591 53 1666 lb
153 1602 207 1665 liis
228 1605 258 1664 in
281 1602 368 1664 tidem
390 1605 520 1683 acceptis
542 1606 572 1662 in
601 1606 769 1681 regionem,
798 1622 886 1682 qnam
915 1603 1044 1665 Nautaca
1073 1603 1284 1685 appellarem

14 1704 17 1711 ·
60 1707 117 1749 rex
141 1706 212 1749 cum
233 1695 296 1749 toto
319 1690 450 1749 exercitu
473 1690 559 1749 venit.
607 1688 745 1766 Satrapes
768 1696 831 1748 erat
854 1688 1037 1749 Sisimithres
1059 1689 1174 1751 duobus
1197 1708 1232 1750 ex

13 1830 16 1840 .
59 1790 117 1835 sua
140 1780 237 1834 matre
259 1771 327 1833 filiis
349 1774 472 1851 genitis:
508 1774 618 1850 quippe
640 1773 715 1851 apud
740 1792 791 1833 eos
818 1773 993 1852 parentibus
1021 1782 1124 1853 stupro
1153 1776 1233 1835 coire

10 1892 12 1909 ι
60 1876 135 1919 cum
157 1857 263 1919 liberis
285 1858 330 1918 ias
353 1865 406 1917 est.
451 1857 479 1918 ls
502 1858 622 1917 armatis
651 1856 846 1936 popularibus
873 1859 973 1919 fauces
999 1860 1148 1936 regioniS,
1176 1877 1232 1938 qua
1250 1863 1284 1912 ‘20

60 1943 298 2003 inertissimum
322 1943 447 2020 cogitur,
471 1940 565 2002 valido
588 1943 771 2002 munimento
794 1952 955 2021 saepserat.
999 1942 1234 2004 Praeterfluebat

63 2036 188 2087 torrens
208 2028 311 2096 amuis,
336 2034 419 2104 terga
440 2034 523 2106 petra
548 2024 716 2087 claudebat:
754 2025 830 2087 banc
852 2045 941 2087 manu
963 2028 1094 2107 perviam
1116 2026 1232 2087 incolae

61 2111 208 2173 fecerant.
253 2110 312 2171 Sed
335 2111 418 2172 aditu
441 2129 546 2190 specus
569 2111 676 2189 accipit
699 2108 811 2170 lucem:
836 2112 978 2172 interiora
1002 2112 1059 2171 nisi
1081 2110 1282 2172 intentu-21

60 2197 147 2256 mine
170 2194 297 2257 obscura
320 2204 397 2257 sunt.
442 2196 607 2276 Perpetuus
636 2194 788 2255 cuniculus
817 2197 873 2254 iter
901 2194 1025 2274 praebet
1053 2198 1082 2256 in
1111 2213 1232 2273 campos

60 2282 200 2359 ignotum
222 2282 280 2341 nisi
301 2280 456 2358 indigenis.
500 2283 535 2342 At
558 2279 737 2347 Alexander,
772 2298 949 2360 quamquam
973 2284 1125 2359 angustias
1148 2288 1232 2343 natu·
1250 2285 1283 2335 22

61 2365 119 2427 nali
141 2367 201 2426 situ
223 2366 351 2426 munitas
373 2383 407 2425 ac
432 2363 541 2426 validas
564 2381 654 2424 manu
676 2362 797 2424 barbari
819 2364 986 2432 tuebantur,
1011 2374 1109 2426 tamen
1133 2367 1232 2427 arieti-

62 2448 119 2511 bus
142 2450 269 2511 admotis
297 2451 497 2519 munimenta,
532 2468 607 2530 quae
636 2446 755 2528 [manu]
785 2448 922 2509 adiuncta
949 2458 1048 2519 erant,
1083 2452 1233 2511 concussit

62 2534 225 2612 fundisque
249 2540 278 2595 et
299 2536 414 2613 sagittis
444 2536 696 2614 propugnantium
724 2532 1033 2629 plerosqne⁴deieeim
1074 2551 1147 2611 quos
1181 2535 1232 2594 ubi

64 2732 157 2781 mem,
180 2734 234 2773 von
257 2720 306 2770 328
328 2735 362 2772 zu
384 2720 492 2772 322-
522 2717 622 2780 Clito,
675 2717 806 2772 duobus
903 2718 1045 2781 penitis,
1072 2716 1151 2771 barte
1177 2716 1230 2771 abl.

64 2790 123 2843 nl.
138 2789 180 2839 19.
208 2785 255 2840 bie
266 2784 338 2851 Lege
350 2801 404 2840 von
416 2784 539 2854 Xenippa
555 2785 625 2841 lissi
674 2783 760 2840 absol.
808 2784 866 2851 Vgl.
892 2789 916 2836 9.
945 2789 968 2838 1.
998 2789 1029 2836 12
1058 2786 1234 2850 serpentium

63 2854 123 2909 sich
135 2852 214 2908 nicht
225 2852 274 2907 mit
286 2851 438 2908 Sicherheit
452 2852 622 2913 bestimmen.
675 2868 779 2917 meque
805 2856 847 2908 uis
874 2854 1000 2920 squamis
1023 2850 1166 2918 fulqorem
1191 2893 1235 2909 ...

64 2918 98 2977 da
109 2919 244 2987 Scythiae
261 2920 306 2974 ein
319 2918 403 2987 vollig
414 2919 624 2976 uubestimmter
675 2921 858 2976 reddentibus
875 2937 903 2976 u.
921 2919 990 2976 Einl.
1008 2918 1025 2988 S
1043 2923 1076 2972 36
1089 2936 1112 2975 e.

63 2986 210 3045 lusdrilssk
227 2986 271 3042 lsi·
709 3008 750 3057 20.
794 3022 836 3060 ua
858 3033 892 3043 -
914 3008 1059 3071 sopitur.
1098 3005 1233 3061 Entbelrr·

103 3074 145 3127 14.
176 3071 341 3138 pluribus
367 3094 400 3115 =
430 3072 624 3138 compluribus
675 3072 763 3127 licher
802 3073 897 3135 eison:
917 3088 938 3128 s.
956 3072 1000 3128 die
1017 3075 1096 3128 Anm.
1116 3090 1149 3127 zu
1168 3078 1191 3130 i.
1209 3079 1233 3130 8.

64 3138 118 3194 wie
131 3144 171 3195 13.
186 3143 214 3200 9;
229 3141 268 3193 10.
281 3142 305 3192 2.
319 3143 347 3200 8;
362 3143 402 3193 10.
416 3144 467 3191 9.1
486 3158 513 3195 u.
531 3138 625 3207 lraufig
674 3144 715 3196 25.
733 3169 766 3177 —
776 3141 1075 3208 praeterfluebat,
1091 3142 1159 3198 nach
1172 3145 1188 3206 §
1201 3147 1234 3195 23

63 3204 108 3263 bei
126 3207 226 3261 bivius.
675 3208 790 3263 hinter
802 3207 863 3263 dem
879 3210 1081 3264 mummeutum
1093 3227 1120 3265 u.
1131 3210 1233 3265 diesem

99 3294 139 3345 15,
189 3298 465 3371 confirmamur,
514 3290 622 3346 ὺθῑοῃῑ,
677 3285 747 3330 etwa
781 3275 1233 3343 arallel.—terpa=‘Hinter-

65 3359 221 3415 ‘sobaarten
244 3359 302 3413 sloh
327 3374 360 3412 zu
384 3359 472 3413 einem
489 3358 624 3414 lleerlrbr·
676 3358 747 3423 brut!
768 3348 785 3398 ’·
816 3343 1234 3426 Vel-le·25·15·l2„adlerua

101 3425 499 3494 r’;Gegensatzistdievorher
520 3425 624 3481 ehende
676 3410 756 3466 ⁶⁰²²&
773 3433 807 3454 ²
824 3426 861 3464 ¹11¹
878 3409 989 3466 Rucless
1007 3411 1055 3466 des
1068 3411 1180 3478 Hugssls·
1200 3441 1233 3450 -

62 3442 243 3551 llbtotation.
271 3491 357 3549 Ueber
375 3491 449 3548 diese
465 3441 624 3549 baltrianer
676 3495 778 3533 manu
796 3500 830 3521 =
848 3493 933 3544 were
952 3479 970 3543 b
988 3482 1030 3534 22,

62 3578 85 3619 e.
104 3566 129 3613 1.
148 3565 173 3615 3.
708 3566 750 3615 21.
769 3560 836 3616 Sed
853 3563 957 3617 aditu.
988 3561 1096 3617 Seu=
1114 3560 1233 3617 ‘lreilich

97 3649 140 3699 16.
163 3644 402 3713 efferaverat,
435 3644 488 3711 Vgl.
515 3643 572 3700 [ἰν.
598 3649 623 3701 2,
674 3635 751 3685 nur’:
782 3629 830 3683 das
857 3628 1081 3695 vorausgehende
1104 3632 1234 3694 peruiam

62 3717 132 3769 23.4
143 3713 387 3781 promissubarbu
400 3718 427 3768 et
443 3713 541 3780 capilli
553 3712 622 3780 effe.
673 3696 744 3751 wird
780 3696 1028 3775 gewissermasson·
1060 3694 1233 3752 beschrankt.

61 3787 203 3839 ‚meram
220 3781 342 3847 speciem
364 3782 432 3837 orig⁸
451 3808 483 3819 ..
501 3781 622 3847 Amyn.
643 3800 646 3806 -
674 3762 762 3818 Ueber
779 3764 827 3818 das
849 3779 939 3831 praes.
958 3781 978 3818 s.
999 3762 1068 3818 Ernl.
1087 3760 1105 3831 S
1123 3769 1153 3816 31
1177 3764 1233 3820 und

60 3854 144 3913 tam,
167 3848 303 3903 identtsoh
328 3848 379 3904 nit
405 3848 503 3914 dens
527 3854 558 3901 13
580 3866 622 3904 er·
674 3832 813 3911 vel-,521-
832 3835 878 3893 2⁷;
901 3833 925 3886 8.
944 3835 984 3910 ιο.
1004 3835 1049 3895 123
1073 3835 1096 3885 s.
1116 3836 1139 3887 3.
1157 3836 1180 3886 4.
1200 3861 1232 3869 -

61 3916 212 3973 wqhmfflp
676 3915 744 3954 uase
763 3899 874 3952 tulate
893 3915 914 3951 s.
932 3897 1000 3952 Ernl.
1019 3898 1037 3963 S
1055 3902 1088 3949 45
1107 3898 1131 3953 b.

97 3989 139 4038 18.
168 3984 328 4045 alterum,
362 3999 383 4037 s.
407 3988 429 4039 i.
458 3987 482 4035 6.
514 3989 544 4037 13
571 3992 623 4039 eto.
708 3986 749 4036 22.
768 3988 834 4036 not.
862 3984 933 4037 situ
959 3983 1013 4037 wie
1037 3987 1060 4037 3.
1083 3986 1107 4038 4.
1129 3986 1159 4048 2,
1186 4000 1231 4039 wo

60 4052 142 4109 bleso
154 4066 240 4119 ganne
254 4050 372 4119 Episode
384 4051 432 4106 hat
442 4068 494 4106 nur
504 4051 622 4107 Curtius.
675 4048 807 4104 ebenialls
827 4066 913 4104 uranu
935 4050 986 4104 den
1005 4048 1155 4116 Gegonsatz
1179 4049 1231 4105 bil-

98 4124 140 4174 te.
161 4120 337 4182 Nautaca,
365 4118 479 4186 gelegen
502 4119 531 4174 in
553 4119 623 4185 Sog·
675 4117 728 4172 det.
773 4115 909 4172 Verbinde
938 4118 1051 4173 ualidas
1078 4134 1172 4173 mauu.
1198 4147 1232 4155 —

63 4186 152 4243 diana.
192 4187 258 4242 Hier
279 4185 348 4241 hielt
369 4185 444 4241 Alex.
463 4187 533 4241 auch
554 4187 622 4243 nach
675 4186 844 4239 adiuncta
879 4183 960 4240 nimi.
999 4187 1152 4253 anqustiim
1183 4186 1232 4241 der

62 4256 163 4311 Arrian
180 4255 294 4323 lingere
310 4252 384 4310 liast.
413 4253 465 4309 lior
481 4252 623 4309 Aulbruclr
674 4252 779 4307 Beisatz
798 4268 884 4307 mauu
905 4254 943 4308 ist
965 4253 1029 4308 sehr
1052 4253 1231 4310 entbehrlich.

63 4338 119 4379 ron
149 4323 213 4379 dort
241 4320 313 4377 wird
339 4320 624 4377 4.1bericntet.-
675 4349 706 4356 -
735 4318 884 4377 Concussit
910 4344 943 4363 =
969 4322 1167 4377 vermoehte
1194 4338 1233 4377 zu
1258 4361 1312 4500 Δ
