2752 4776
100 213 162 279 178
335 228 338 233 ·
549 214 583 277 o.
603 212 714 266 cunm
731 213 822 267 num

98 382 186 464 paulo
214 391 300 445 antea
325 398 381 461 pro
403 380 511 443 solacio
539 383 695 463 petiverat,
730 400 854 463 perosus
881 381 1021 444 Bubacen
1044 383 1143 444 vocari
1169 383 1261 445 iubet

49 487 81 538 11
103 467 196 540 Quem
211 470 344 538 intuens,
368 465 446 536 ‘ite',
461 467 572 546 iuquit,
589 465 743 530 ‘consulite
760 465 855 537 vobis,
872 465 909 528 ad
924 465 1058 528 ultimum
1073 467 1138 547 regi
1153 476 1260 538 vestro,

99 561 133 614 ut
154 550 293 622 decebat,
315 550 373 612 fide
395 548 534 612 exhibita.
578 549 640 631 Ego
662 550 710 612 hic
732 549 829 631 legem
852 550 903 612 iati
925 552 983 612 mei
1006 552 1140 631 expecto.
1188 552 1261 615 For·

98 639 175 698 sitan
202 636 335 708 mireris,
364 634 443 716 quod
471 635 559 696 vitam
587 652 648 696 non
674 634 790 697 tiniam:
819 633 915 697 alieno
942 633 1056 703 scelere
1083 653 1173 717 quam
1195 655 1263 699 meo

48 723 175 788 lameri
201 718 300 782 malo?
356 719 426 780 Post
456 718 534 780 banc
560 735 663 781 vocem
685 718 777 799 spado
806 719 918 801 gemitu
944 736 1005 789 non
1037 718 1261 783 tabernaculum

98 804 201 876 modo,
224 804 386 867 sedetiam
409 809 505 865 castra
527 802 682 882 conplevit.
734 803 879 884 Inrupere
907 801 1013 867 deiude
1036 803 1087 867 alii
1108 802 1259 881 laceratis·

98 908 156 970 que
178 886 305 952 vestibus
327 886 446 969 lugubri
467 896 497 948 et
517 885 645 959 barbaro
660 885 773 949 ululatu
782 905 884 967 regem
908 886 1065 968 deplorare
1087 897 1257 968 coeperunt

46 984 80 1035 13
96 973 205 1037 Persae
226 972 264 1035 ad
285 971 352 1035 illos
373 971 502 1034 clamore
523 969 637 1051 perlato
659 973 775 1034 attoniti
789 980 870 1034 metu
891 989 948 1034 uec
970 989 1052 1045 artua,
1075 990 1202 1052 capere,
1222 990 1258 1035 uc

96 1062 128 1121 in
143 1058 314 1121 Bactrianos
327 1055 507 1126 inciderent,
531 1072 586 1119 nec
608 1056 761 1137 quiescere
776 1055 939 1129 audebant,
961 1057 1053 1121 noim
1076 1058 1104 1125 ie
1120 1056 1253 1121 deserere

46 1154 79 1203 14
95 1160 199 1223 regem
225 1141 403 1205 riderentur.
452 1141 557 1202 Verius
584 1157 619 1201 ac
647 1139 782 1211 dissonus
809 1138 921 1203 clamor
948 1142 1013 1203 sine
1041 1074 1118 1209 ddce
1140 1160 1176 1204 ac
1196 1142 1256 1211 sinc

95 1228 221 1308 imperio
244 1227 312 1288 totis
334 1224 435 1290 eastris
456 1222 653 1287 referebatur.
702 1225 794 1287 Besso
817 1232 846 1287 et
867 1224 1031 1287 Nabarzani
1052 1222 1297 1297 nuntiauerautid

96 1312 151 1381 sui,
175 1327 276 1390 regem
299 1328 315 1371 a
337 1309 496 1389 semetipso
516 1311 728 1388 interemptum
751 1325 832 1379 esse:
853 1307 990 1388 planctus
1017 1327 1069 1371 eos
1092 1309 1256 1392 deceperat

46 1405 78 1455 15
95 1394 197 1471 ltaque
219 1393 322 1459 citatis
335 1393 419 1473 equis
440 1392 576 1455 advolant
597 1392 801 1474 sequentibus,
824 1411 898 1474 quos
919 1392 956 1463 ad
978 1394 1178 1457 ministerium
1199 1411 1259 1459 sce·

95 1476 166 1539 laris
187 1477 369 1557 delegerant:
393 1485 504 1541 etcum
526 1476 748 1547 tabernaculum
761 1479 937 1548 intrassent,
960 1478 1029 1558 quia
1043 1496 1150 1559 regem
1164 1481 1258 1543 urere

46 1573 78 1624 16
95 1560 242 1642 spadones
262 1560 446 1633 indicabant,
474 1561 675 1641 conprehendi
702 1562 865 1641 vincirique
885 1562 1045 1624 iusserunt.
1082 1563 1149 1627 Rex
1170 1580 1258 1633 curru

95 1645 182 1727 paulo
205 1653 273 1707 ante
288 1655 388 1709 vectus
403 1654 432 1707 et
455 1644 578 1707 deorum
593 1646 730 1727 auspiciis
752 1664 786 1709 ac
801 1645 861 1707 suis
882 1645 1047 1709 honoribus
1062 1646 1161 1709 cuitus
1183 1646 1259 1711 naua

95 1736 217 1793 externe
238 1748 295 1810 ope
316 1731 431 1800 admota
455 1731 587 1811 captivus
607 1747 762 1792 servorum
774 1748 897 1793 suorum
918 1731 949 1792 in
972 1729 1127 1805 sordidum
1141 1732 1258 1795 vehicu-

47 1818 79 1867 17
95 1814 155 1876 ium
180 1812 320 1897 [pellibus
342 1813 473 1893 undique
496 1813 678 1894 contectum]
700 1815 861 1895 inponitur.
905 1814 1036 1877 Pecunia
1057 1817 1138 1896 regis
1161 1824 1192 1879 et
1211 1833 1257 1879 su·

94 1898 192 1980 pellex
212 1900 297 1980 quasi
318 1897 388 1962 boib
409 1901 475 1961 iure
497 1899 650 1979 diripitur,
680 1900 837 1979 onustique
858 1898 968 1976 praeda
995 1918 1050 1979 per
1071 1899 1171 1962 scelus
1192 1899 1256 1973 uiti·

45 1996 177 2047 tamum
209 1990 294 2063 parta
321 1983 420 2062 iugem
447 1983 615 2055 intendunt.
637 2025 640 2029 -
665 1981 828 2045 Artabazus
861 2001 929 2044 cum
957 1982 1020 2063 his,
1051 1986 1102 2065 qui
1133 1985 1257 2073 imperio

95 2068 251 2148 parebant,
280 2067 459 2146 Graecisque
486 2065 628 2139 militibus
656 2067 835 2137 Parthienen
861 2066 994 2145 petebat,
1024 2069 1123 2131 omnia
1151 2070 1255 2131 tutiora
1298 2102 1300 2107 ·

45 2164 77 2213 19
94 2153 310 2232 parricidarum
326 2154 459 2214 contuitu
471 2160 562 2215 ratus.
597 2152 705 2215 Persae
716 2152 868 2233 promissis
884 2150 967 2215 Bessi
981 2154 1110 2223 onerati,
1132 2154 1256 2221 mamma

95 2238 161 2317 quia
184 2255 271 2305 nemo
293 2235 365 2297 alius
388 2245 466 2308 erat,
489 2253 576 2316 quam
598 2244 809 2313 sequerentur,
832 2236 1014 2311 coniunxere
1036 2253 1069 2299 se
1084 2236 1253 2309 Bactrianis,

44 2332 77 2381 20
95 2337 200 2398 agmen
224 2337 326 2391 eorum
349 2320 436 2381 tertio
451 2318 582 2391 adsecuti
604 2319 660 2380 die.
701 2320 745 2381 Ne
765 2327 866 2393 tamen
888 2320 983 2381 honos
998 2322 1063 2398 regi
1084 2339 1146 2387 neu
1167 2319 1255 2385 bahe-

97 2412 195 2474 retur,
230 2405 329 2465 eureis
351 2402 544 2482 compedibus
568 2403 696 2465 Dareum
718 2404 861 2477 vinciunt,
884 2421 959 2465 nova
981 2403 1111 2473 ludibria
1133 2404 1256 2479 subinde

98 2489 284 2568 excogitante
306 2488 433 2560 fortuna,
451 2497 494 2558 et,
517 2506 555 2550 ue
567 2487 644 2549 iorte
659 2485 739 2557 cultu
751 2488 832 2567 regio
847 2496 948 2568 posset
962 2487 1117 2565 adgnosci,
1132 2488 1255 2559 sordidis

93 2573 220 2652 pellibus
241 2571 407 2636 vehiculum
422 2575 600 2635 intererant:
623 2573 716 2650 ignoti
738 2573 867 2633 iumenta
895 2571 1037 2650 agebant:
1067 2591 1106 2635 ne
1132 2590 1255 2655 percon·
1298 2636 1300 2641 .

93 2657 222 2720 tentibus
249 2659 279 2719 in
307 2658 423 2738 agmine
451 2659 607 2720 monstrari
628 2664 738 2737 posset,
762 2656 897 2718 custodes
918 2655 1025 2737 procul
1046 2656 1253 2738 sequebantur.

128 2950 649 3021 11.ierem,hier=Sprueh,Ent·
700 2948 1254 3018 —extaraa=ieosult;vanitate

95 3016 299 3085 scheidung;
318 3035 413 3086 quam
430 3035 513 3084 meo,
531 3018 649 3075 nimiich
700 3021 715 3069 7
733 3019 795 3072 sinc
812 3015 871 3071 ulla
892 3032 908 3070 o
930 3016 1048 3072 chortis
1064 3039 1097 3060 =
1111 3019 1185 3075 ohne
1206 3019 1254 3075 deu

95 3084 211 3140 scelere.
239 3084 287 3140 his
304 3084 413 3141 suithes
433 3095 538 3141 musste
553 3086 649 3154 jeden·
699 3081 817 3139 Einiluss
836 3082 885 3138 der
922 3082 1008 3147 einde‚
1030 3082 1195 3142 ieindHcher
1208 3086 1254 3142 Ge·

94 3150 157 3206 falls
170 3151 219 3206 der
231 3148 401 3207 Selbstmord
420 3152 493 3209 eines
506 3151 608 3219 Konigs
620 3154 648 3208 in
699 3150 779 3212 walt:
793 3149 948 3217 pellibus
963 3158 1157 3209 coniectum
1174 3151 1255 3222 grotti

94 3218 205 3274 solcher
235 3215 307 3286 Lege
341 3235 375 3273 an
396 3219 495 3274 eschen
526 3219 647 3283 werden,
700 3218 760 3274 dem
772 3217 838 3285 820
849 3215 994 3273 Erzahlten
1006 3234 1064 3276 vor.

94 3284 181 3342 selbst
193 3300 247 3341 von
260 3285 312 3342 den
325 3286 385 3342 Stoi
405 3303 461 3343 ern.
734 3288 773 3339 1⁷.
784 3283 855 3351 sup.
870 3285 1070 3350 intendunt,
1089 3288 1145 3342 wie
1156 3292 1182 3343 4.
1196 3292 1219 3345 1.
1231 3290 1256 3349 ii.

128 3357 167 3405 12.
180 3359 313 3410 castro.
327 3353 393 3409 ‘das
407 3352 647 3422 gauzebager’,
734 3355 774 3407 ta.
789 3350 857 3417 his,
875 3354 933 3418 qai
944 3353 1136 3420 parebant,
1158 3355 1214 3411 wic
1229 3358 1254 3415 4.

93 3439 115 3477 s.
128 3426 152 3475 3.
168 3424 208 3476 18.
700 3423 795 3482 10.28;
807 3420 1255 3488 ceutuiiu,poet.u.nachclass.

127 3492 167 3544 14.
190 3491 267 3546 siue
289 3488 389 3550 duce,
410 3489 465 3544 wie
484 3488 565 3556 samu
586 3492 648 3545 sinc
699 3486 788 3543 Wart.

93 3563 209 3611 auctore
222 3555 266 3611 bei
280 3555 356 3619 Sen.;
375 3557 648 3621 referebatur-⁶
733 3558 773 3610 te.
784 3570 888 3621 prom.
902 3556 1254 3619 onerati,4.12.·-ter·

92 3622 177 3678 hailte
193 3621 305 3679 wieder.
326 3651 359 3661 -
375 3624 551 3691 planctus,
573 3632 647 3693 poet.
699 3624 749 3677 tia
761 3622 830 3688 die,
847 3621 911 3678 weil
930 3620 970 3677 sie
982 3620 1063 3690 lange
1074 3622 1255 3689 gesohwamt

93 3706 119 3744 u.
133 3688 238 3744 nacbcl.
249 3712 283 3733 =
294 3691 425 3758 planqor,
439 3692 540 3749 luctus.
699 3689 802 3745 hatten.

115 3757 646 3821 16.currc,‘auistolzemStreit·
732 3754 1255 3822 20.aur.compcdibue.liasseibe

92 3824 645 3948 miiiiiigiit'iiiiivsiiif‘iii·
696 3822 1256 3947 redhibitafatiathsttt

92 3959 251 4024 gezeichnet
260 3960 347 4015 durch
357 3910 401 4016 die
411 3933 645 4027 gc't'tliohet'voihe
697 3956 803 4036 sichon,
814 3956 869 4013 wie
880 3931 995 4036 humer
1007 3954 1052 4014 bei
1065 3956 1089 4012 G
1118 3957 1176 4015 und
1188 3957 1257 4015 fast

93 4025 182 4080 seines
199 4027 291 4080 Amts
309 4025 365 4081 und
382 4026 426 4082 die
442 4027 533 4083 seiner
549 4025 645 4093 konig·
697 4040 793 4080 rmmer
805 4024 849 4080 bei
867 4022 1020 4080 dlassuern
1033 4041 1068 4080 zu
1083 4023 1194 4093 antang
1205 4026 1256 4081 des

92 4090 645 4156 lichenPersonzukommendenEhrem
697 4090 796 4147 Satzes.
824 4119 858 4129 -
887 4094 922 4147 in
945 4095 1094 4158 armine,
1119 4100 1256 4149 ‘unter-

92 4161 166 4214 suis
190 4157 276 4214 bildet
299 4160 350 4216 den
369 4160 517 4227 Gegensatz
539 4178 573 4217 zu
594 4160 646 4217 den
697 4165 813 4227 wegs’;
828 4157 1256 4227 eig.‘imHeereszuge,auidem

91 4224 189 4288 Ehren.
207 4226 250 4282 die
269 4226 330 4282 dem
345 4227 449 4295 Konige
466 4229 567 4285 nurals
585 4228 645 4283 darn
696 4225 837 4283 Marsche’.
853 4253 887 4263 -
900 4227 1038 4295 procul,
1055 4243 1101 4282 um
1114 4226 1259 4289 keinhui·

92 4290 296 4350 Steilvertreter
310 4293 356 4351 des
370 4293 487 4351 Ormuzd
507 4295 646 4351 zuhamen.
699 4293 783 4348 seben
795 4308 829 4349 zu
843 4308 966 4360 erregen.
