2752 4776
24 294 27 301 Ι
125 214 168 281 48
575 230 607 291 o.
630 228 735 279 enur1
755 228 838 277 nnr1

78 390 233 448 seminati
254 405 337 447 moro
360 387 454 465 patrio
477 385 545 446 dato
567 387 652 464 signo
674 386 751 447 saxis
780 384 878 445 obruti
899 393 976 445 sunt.
1022 384 1131 460 Magno
1158 400 1221 447 nnn
1247 402 1288 447 aa·
1321 390 1323 413 ²

129 473 205 542 lutis,
229 471 281 532 sed
304 473 392 532 etiarn
415 470 539 531 invidiae
563 470 696 550 periculo
712 468 855 531 liberatus
877 480 941 530 erat
955 468 1134 530 Alexander.
1180 467 1288 551 QnIppe

129 556 283 617 Parmenio
306 563 336 617 et
357 554 495 626 Philotas,
519 557 669 636 principes
692 556 864 624 amicorum,
888 556 946 615 nisi
968 553 1065 634 palam
1089 560 1209 623 sontes,
1231 555 1287 615 nne

77 650 111 699 40
127 642 332 720 indignatione
354 643 446 702 totins
469 642 616 701 exereitus
638 658 698 700 non
720 640 887 719 potuissent
908 639 1055 700 damnari:
1086 640 1204 720 itaque,
1226 640 1288 699 dum

129 743 239 806 anceps
262 727 393 806 quaestio
416 725 482 795 suit,
507 724 576 786 dum
599 725 740 786 infitiatus
763 733 809 785 est
829 725 953 794 facinus,
977 722 1142 785 crudeliter
1164 726 1286 803 torqueri

129 810 298 881 videbatur,
333 818 399 891 post
427 812 644 871 confessionem
672 812 731 870 iam
762 827 858 889 neque
888 810 1049 870 amicorum
1078 807 1210 871 Philotas
1236 811 1285 870 mi-

128 896 321 957 serioordiam
344 897 461 955 meruit.

127 1080 184 1136 niss
204 1080 252 1135 des
270 1077 373 1135 iiioom.
392 1078 420 1132 in
440 1078 540 1135 diesem
558 1078 686 1146 wiohtig-
736 1079 1014 1134 —setletiamstatt
1044 1076 1108 1145 Vgl.
1126 1076 1279 1134 Weissen-

128 1155 189 1204 sten
212 1146 319 1203 Punkte
342 1145 399 1200 sich
422 1146 462 1201 als
485 1146 564 1202 wahr
588 1147 707 1203 erwie·‘
737 1144 822 1202 horn
846 1144 1281 1201 zuLiv.aa.11.13.—ioot-

128 1232 177 1271 sen
205 1216 294 1278 hatte;
324 1215 462 1269 nominati
482 1237 516 1257 =
539 1217 589 1282 qui
613 1231 685 1270 nom.
737 1216 816 1270 diae
831 1212 1002 1281 periculo.
1028 1212 1088 1280 Vgl.
1104 1213 1158 1268 (tio.
1177 1213 1207 1268 in
1217 1210 1282 1269 caut

128 1289 219 1338 erant.
736 1286 760 1338 ⁶2.
778 1286 794 1334 3
818 1297 874 1337 non
895 1281 976 1336 modo
999 1281 1127 1337 invidiae
1148 1295 1228 1338 mene
1247 1295 1285 1336 re·

162 1354 202 1405 39.
231 1365 297 1404 non
319 1348 460 1404 solertis.
499 1348 546 1404 Die
574 1348 686 1405 Verbin·
736 1366 800 1405 rum
818 1352 902 1405 etiam
921 1351 994 1404 vitae
1032 1348 1151 1405 erieulo.
1170 1377 1204 1387 —
1225 1348 1286 1404 nisi

129 1416 204 1484 dung
222 1433 279 1472 non
297 1444 331 1454 -
349 1417 501 1472 sedetiam
523 1415 608 1472 findet
626 1417 684 1472 sioh
736 1423 864 1473 sontes.
896 1415 984 1472 Uober
1021 1416 1230 1484 ietbknrzung
1245 1415 1285 1471 det

128 1485 198 1539 anch
224 1483 269 1540 bei
296 1483 348 1538 den
372 1481 526 1540 Classikern
548 1483 608 1539 hier
628 1484 685 1540 und
736 1485 881 1553 hypothet.
908 1484 1002 1540 Sataes
1028 1501 1051 1540 s.
1080 1483 1150 1541 Einl.
1180 1484 1251 1550 836
1269 1480 1285 1539 i.

129 1551 170 1614 da,
189 1568 272 1607 wenn
289 1551 337 1607 das
357 1558 430 1606 erste
449 1551 526 1607 Glied
544 1551 619 1606 nicht
631 1569 685 1608 nur
735 1555 813 1609 Anm.
950 1604 952 1611 .

128 1619 168 1674 ais
187 1618 395 1697 unhedeutengl,
415 1619 535 1674 sondern
550 1618 684 1675 alstiher·
773 1624 815 1676 40.
845 1636 972 1707 anceps
998 1620 1054 1676 wie
1081 1617 1100 1688 S
1127 1623 1160 1671 at
1188 1632 1284 1686 anceps
1309 1656 1312 1661 -

128 1686 215 1754 haupt
249 1703 307 1753 gar
341 1687 436 1741 nieht
466 1688 684 1743 erwahnens·
735 1690 909 1744 coniectura.
930 1686 1282 1754 sinmsotangodertos·

82 1774 84 1779 ·
129 1755 239 1810 werth
256 1753 416 1810 bezeichnet
429 1755 541 1810 werden
560 1754 622 1811 soll.
648 1754 682 1810 Es
735 1754 782 1810 iali
806 1756 853 1811 des
877 1756 996 1811 Verhors
1019 1755 1092 1812 noch
1117 1752 1277 1815 zweiieiiait,

128 1819 213 1877 findet
230 1823 313 1878 somit
331 1836 419 1889 genau
442 1837 604 1888 genommen
623 1824 684 1878 eine
735 1822 913 1879 unbestimmt
931 1840 1000 1880 avar.
1024 1850 1055 1861 -
1074 1837 1188 1890 neque
1203 1844 1231 1867 a·
1246 1835 1277 1876 ne

128 1888 683 1957 VermisehungderbeidonConstruotio·
734 1919 768 1928 —
789 1892 900 1958 quidem
927 1892 980 1945 wie
1007 1895 1032 1942 t.
1059 1894 1083 1946 6.
1108 1895 1135 1942 4.
1176 1889 1203 1946 S.
1220 1885 1276 1945 atu.

130 1974 184 2014 nen
202 1975 260 2014 non
271 1959 334 2014 dico
351 1986 383 1995 -
401 1959 455 2014 sed
466 1958 521 2014 und
533 1975 591 2014 non
603 1960 683 2014 modo
734 1959 752 2025 3
770 1963 803 2011 46
821 1958 840 2015 i.
