2908 4902
341 317 597 374 meromenuu
616 318 830 374 anexnxnm
846 320 897 385 111,
916 323 941 373 a.
1176 317 1231 407 Ι75

24 487 119 547 acuti
146 487 326 551 incendio
348 489 455 551 ardere
476 491 553 559 vise,
578 505 645 550 cum
664 489 815 550 incondita
836 489 994 551 multitudo
1015 491 1142 552 maxime
1159 507 1229 568 pro·

24 587 72 632 ter
87 573 261 635 iumenta
292 572 389 635 laxius
409 573 556 635 tenderet.
590 572 694 650 ltaque
716 591 753 634 eo
767 576 832 654 ipso
847 572 912 635 loco
928 575 1034 635 metari
1048 592 1117 636 sues
1132 580 1228 636 castra
1248 571 1280 623 19

24 663 168 732 sserat,
213 657 344 728 laetus,
379 658 458 738 quod
480 659 562 720 omni
591 659 756 737 expetierat
784 663 865 726 voto,
899 658 929 719 in
955 657 1015 720 illis
1042 659 1228 737 potissimum

24 741 168 818 rgustiis
197 741 444 804 decernendum
467 743 544 803 lore.
588 742 741 812 Ceterum,
772 749 804 803 ut
825 740 901 803 solet
929 743 1007 814 fieri,
1037 760 1106 804 cum
1133 741 1229 804 ultimi
1247 739 1281 790 20

24 824 220 888 iscriminis
265 834 389 907 tempus
418 827 569 896 adventat,
600 827 633 886 in
660 825 891 888 sollicitudinem
924 844 1009 888 versa
1036 826 1144 888 liducla
1171 834 1226 889 est.

24 905 95 970 lam
120 910 245 990 ipsam
276 913 446 981 fortunam,
476 929 533 991 qua
555 909 726 990 adspirante
748 928 798 971 res
825 917 885 972 tam
913 929 1057 990 prospere
1085 918 1226 989 gesserat,

24 991 196 1057 erebatur
225 1011 297 1058 nec
319 995 429 1058 iniuria
451 1014 488 1058 ex
509 993 573 1064 his,
596 1012 673 1073 quae
693 993 849 1057 tribuisset
870 993 942 1066 sibi,
965 1012 1054 1073 quam
1077 994 1228 1056 mutabilis

24 1083 113 1148 sset,
144 1079 350 1160 reputabat:
381 1097 471 1142 unam
499 1095 657 1158 superesse
678 1087 811 1149 noctem,
843 1095 920 1156 quae
948 1080 1022 1141 tanti
1049 1078 1229 1141 discriminis

24 1169 208 1224 roraretur
237 1171 397 1227 eventum.
441 1162 557 1226 Rursus
579 1161 770 1233 occurrebat.
796 1163 909 1226 maiora
930 1162 1075 1242 periculis
1096 1165 1229 1243 praemia
1246 1165 1278 1216 m

24 1253 57 1325 t,
83 1247 179 1308 sieut
206 1247 349 1310 dubium
372 1255 465 1318 esset,
494 1267 531 1310 en
553 1249 701 1318 vinceret,
723 1250 764 1310 ita
786 1246 861 1310 illud
883 1247 986 1328 utique
1008 1257 1124 1310 certum
1152 1266 1227 1319 esse,

24 1337 157 1393 roneste
185 1341 225 1394 et
252 1351 325 1395 eum
349 1351 455 1412 magna
488 1332 575 1394 laude
602 1333 790 1395 moriturum.
834 1331 937 1410 ltaque
966 1349 1093 1412 corpora
1118 1331 1227 1393 milites
1245 1332 1279 1382 22

24 1432 134 1476 :urere
167 1416 278 1479 iussit
306 1436 341 1480 ec
368 1417 475 1480 deinde
503 1419 591 1480 tertia
619 1415 717 1495 vigilia
743 1419 905 1478 instructos
933 1425 963 1478 et
991 1423 1120 1478 armatos
1151 1433 1226 1478 esse.

24 1497 88 1578 lpse
112 1501 152 1560 in
177 1501 302 1578 iugum
326 1501 396 1563 editi
418 1503 528 1564 montis
543 1501 677 1564 escendit
691 1499 851 1581 multisque
871 1499 1098 1563 conlucentibus
1113 1499 1227 1564 lacibus

24 1583 123 1643 oacrio
150 1602 259 1646 more
283 1588 460 1648 sacrificium
482 1586 528 1648 dis
549 1584 738 1668 praesidibus
760 1585 819 1647 loci
840 1585 919 1648 iecit.
950 1585 1072 1667 lamque
1093 1586 1225 1654 tertium,
1245 1584 1278 1635 23

24 1666 101 1728 sicut
124 1678 350 1749 praeceptum
373 1677 452 1739 erat,
475 1673 592 1749 signum
614 1667 685 1732 tuba
708 1669 793 1732 miles
815 1678 988 1747 acceperat,
1011 1671 1114 1732 itineri
1140 1668 1226 1731 simul

24 1759 156 1828 paratus
185 1771 229 1816 ae
255 1753 386 1831 proelio:
420 1761 601 1833 strenueque
628 1755 700 1816 iussi
722 1755 888 1833 procedere
916 1756 1034 1816 oriente
1060 1752 1129 1816 luce
1157 1771 1228 1834 per-

24 1843 191 1897 uenerunt
218 1837 264 1896 ad
291 1839 456 1914 angustias,
485 1855 559 1916 quas
586 1856 734 1917 occupare
761 1838 965 1900 decreverant.
1010 1839 1139 1900 Dareum
1167 1855 1225 1900 xxx
1244 1853 1278 1902 24

24 1917 99 1980 inde
133 1917 251 1981 stadia
279 1920 384 1982 abesse
411 1921 566 2000 praemissi
591 1921 772 1983 indicabant.
816 1923 900 1984 Tunc
928 1924 1092 1984 consistere
1120 1938 1226 2000 agmen

24 2001 118 2064 iubet
145 2005 315 2082 armisque
337 2007 402 2084 ipse
424 2007 552 2085 sumptis
573 2007 668 2066 aciem
690 2005 816 2067 ordinat.
1261 2059 1268 2070 .

121 2087 240 2150 Dareo
273 2089 430 2151 adventum
464 2089 595 2151 hostium
627 2089 725 2169 pavidi
756 2096 886 2167 agrestes
918 2091 1146 2157 nuntiaverunt,
1180 2090 1226 2148 vix

32 2171 181 2233 credenti
208 2189 378 2235 occurrere
400 2176 505 2244 etiam,
529 2191 604 2252 ques
627 2180 659 2235 ut
680 2171 1039 2254 lugientes'sequehatur.
1072 2174 1151 2252 Ergo
1168 2190 1228 2233 non
1246 2187 1278 2237 25

36 2255 210 2319 mediocris
236 2259 371 2320 omnium
393 2260 509 2320 animos
530 2261 651 2322 incessit
669 2257 798 2319 formido
823 2293 861 2301 —-
885 2259 995 2338 quippe
1017 2259 1116 2319 itineri
1138 2273 1227 2332 gronna

37 2339 160 2416 proelio
185 2343 325 2419 aptiores
346 2350 431 2404 erant
454 2377 492 2386 -
515 2343 683 2424 raptimque
706 2360 788 2404 arma
811 2343 977 2423 capiebant.
1024 2343 1084 2405 Sed
1098 2344 1161 2422 ipsa
1182 2343 1225 2402 le·
1244 2355 1278 2406 26

40 2424 163 2484 stinatio
189 2426 429 2490 discurrentium
452 2444 581 2508 suosque
604 2428 640 2489 ad
662 2444 745 2488 erma
767 2429 934 2488 vocantium
950 2429 1093 2490 maiorem
1113 2434 1226 2489 metum

43 2505 185 2570 incussit:
213 2509 267 2572 alii
289 2512 319 2573 in
341 2513 444 2590 iugum
466 2513 575 2574 montis
598 2519 766 2580 evaserant,
800 2520 835 2574 nt
861 2511 991 2574 hostium
1021 2529 1128 2590 agmen
1156 2510 1226 2570 inde

44 2593 278 2672 prospicerent,
303 2613 397 2676 equos
417 2595 553 2676 plerique
574 2593 740 2657 lrenabnnl.
785 2595 906 2656 Discors
929 2596 1076 2656 exercitus
1104 2611 1161 2653 nec
1190 2593 1227 2651 ad

48 2691 140 2738 unum
163 2678 305 2742 intentus
326 2682 484 2760 imperium
508 2682 588 2742 varin
611 2677 738 2742 tumultu
760 2686 867 2740 cuncta
896 2677 1076 2739 turbaverat.
1112 2676 1226 2737 Dareus
1245 2688 1278 2737 ιι

48 2758 131 2820 initio
161 2763 272 2843 iugum
306 2765 415 2826 montis
443 2781 510 2825 cum
537 2773 621 2842 parte
648 2764 802 2843 copiarum
831 2777 980 2840 occupare
1007 2761 1121 2830 statuit,
1156 2767 1184 2820 et
1211 2779 1227 2820 a

53 2841 148 2905 lronte
172 2856 204 2908 et
227 2868 246 2910 a
270 2856 355 2926 tergo
378 2850 589 2910 circumituros
610 2848 743 2917 hostem,
774 2864 791 2906 a
812 2845 889 2906 mari
912 2861 1045 2924 quoque,
1076 2861 1134 2922 qno
1156 2843 1226 2905 dex·

52 2933 129 2990 trum
153 2932 219 2994 eius
246 2950 339 2996 cornu
361 2931 535 3011 tegebatur,
559 2931 633 2993 alins
655 2928 846 3006 obiecturus,
869 2936 902 2990 ut
925 2929 1056 3006 undique
1071 2936 1225 3008 urgueret.

53 3009 172 3074 Praeter
195 3016 276 3079 haec
298 3019 400 3096 viginti
421 3016 503 3078 milia
524 3017 689 3096 praemissa
712 3032 780 3076 cum
808 3015 1029 3092 sagittariorum
1057 3032 1148 3076 manu
1178 3015 1225 3075 Pi·
1244 3023 1280 3075 28

57 3109 159 3160 uarum
181 3119 320 3170 amnem,
355 3103 405 3181 qul
427 3101 486 3163 duo
513 3101 629 3180 agmina
658 3097 863 3170 interfluebat,
892 3099 1022 3160 transire
1050 3107 1080 3160 et
1107 3096 1226 3160 obicere

59 3196 120 3240 sese
140 3183 342 3247 Macedonum
365 3187 456 3268 copiis
477 3187 621 3248 iusserat:
653 3185 679 3244 si
700 3183 731 3244 id
753 3189 907 3262 praestare
928 3200 988 3244 non
1010 3191 1146 3264 possent,
1177 3201 1225 3244 re·

92 3367 130 3441 49.
147 3383 185 3424 eo
197 3371 276 3438 ipso
288 3369 375 3435 loco,
388 3369 451 3425 wo?
470 3367 616 3426 vielleicht
667 3383 702 3423 zu
713 3366 873 3424 denbereits
882 3366 1228 3437 passntenstrondpasaen

65 3425 103 3484 her
113 3431 296 3503 Myriandros,
309 3437 370 3493 Arr.
381 3440 406 3492 2.
418 3439 443 3493 6.
665 3433 772 3501 (S.13).
1074 3502 1080 3514 .
1210 3500 1216 3512 Ι

94 3501 132 3555 20.
149 3504 374 3572 adspirante,
390 3507 415 3556 4.
433 3506 532 3565 1419,
557 3503 617 3558 eine
702 3505 743 3556 24.
762 3502 906 3558 ordinat
922 3525 955 3546 =
972 3503 1104 3564 instruct,
1122 3503 1245 3558 constr,
1339 3537 1343 3544 -

24 3615 26 3630 .
65 3559 148 3624 libne
174 3571 317 3640 Metapher
344 3571 413 3627 nach
443 3569 553 3636 Cornif.
581 3569 618 3625 ad
668 3571 731 3634 tuit,
744 3585 776 3626 so
789 3570 860 3626 euch
871 3569 937 3638 llep.
951 3585 978 3625 u.
990 3569 1046 3625 liv.

24 3631 26 3694 l
68 3627 185 3693 Herenn.
199 3643 226 3694 4.
238 3642 281 3694 45.
297 3644 410 3694 —mul
419 3638 532 3694 abilis.
554 3636 617 3693 llies
703 3641 744 3692 26,
761 3638 876 3704 iugum
892 3653 938 3704 m,
955 3636 999 3693 die
1016 3634 1158 3710 Verberge
1179 3635 1227 3716 des

25 3717 26 3722 ι
68 3691 200 3780 lehrteihn
209 3706 337 3762 dasLoos
348 3706 395 3762 des
405 3705 534 3768 l'eindest
546 3705 618 3761 dis·
669 3704 798 3768 Amanus,
824 3703 867 3762 die
884 3731 917 3742 -
935 3706 1015 3762 einen
1031 3706 1100 3761 nach
1117 3705 1148 3761 ll.
1169 3703 1228 3759 srch

70 3777 189 3828 crimen
209 3775 248 3830 ist
270 3772 315 3829 bei
332 3773 359 3830 G.
373 3772 414 3830 oli
431 3771 568 3840 geradezu
582 3793 617 3817 =
653 3769 814 3842 ,offnenden
825 3771 920 3840 Bogen
932 3771 1043 3829 hildend
1055 3799 1090 3812 -
1101 3770 1228 3828 nordlich

72 3825 193 3906 Schlaclrt,
208 3838 566 3908 Entscheidungssclrlacht,
583 3856 615 3895 so
668 3854 723 3894 von
735 3838 1015 3908 nsuandpassenhis
1027 3836 1228 3904 au1¹l28tnnde

71 3895 131 3960 terr.
141 3905 313 3965 discriminis
326 3913 366 3965 11,
378 3912 420 3963 26.
668 3905 791 3962 noscant
814 3905 955 3974 allmehrig
972 3904 1176 3960 zordcktreteu.
1194 3928 1229 3942 -

99 3970 139 4045 fll-
154 3975 375 4043 occurrebat,
388 3977 475 4038 snei,-
485 3991 518 4031 so
528 3975 616 4030 sehon
668 3979 858 4030 evaserant
869 3994 903 4016 =
914 3972 1105 4051 escenderent
1117 3969 1145 4036 8,
1158 3974 1182 4025 2.
1194 3997 1228 4008 -

77 4029 123 4092 010·
131 4055 158 4104 n.
170 4041 229 4100 Mei.
240 4047 287 4107 25;
304 4046 463 4100 vinceret
477 4065 511 4086 =
528 4044 616 4100 nictu·
668 4041 808 4098 discors
824 4043 898 4107 imp.
930 4039 1005 4094 Wrr:
1023 4036 1073 4094 der
1089 4037 1227 4100 Umstand,

24 4147 26 4154 .
76 4113 208 4167 rusceset,
669 4108 862 4170 dass-wan
876 4104 930 4174 vgl.
942 4104 1011 4162 Einl.
1024 4105 1051 4172 S.
1063 4109 1096 4158 36
1108 4107 1185 4164 dnm.

102 4171 140 4246 ,ἢ
155 4177 346 4235 instructos
358 4201 393 4223 =
409 4171 616 4246 ὡπλισμένους,
703 4177 745 4228 2⁷·
762 4173 1065 4254 comparentem
1082 4175 1172 4234 W⁰hl=
1198 4191 1229 4230 ei

80 4239 219 4302 uredlters.
669 4239 1032 4298 selbstmnanemrnerle.

105 4305 140 4362 23.
154 4314 298 4380 oriente,
312 4313 367 4368 wie
379 4318 443 4369 orto
455 4312 528 4379 lnce,
542 4311 617 4368 Caes.
703 4311 743 4364 28.
762 4307 997 4378 interfluebat
1007 4328 1029 4366 s.
1049 4313 1119 4366 tle.
1142 4309 1228 4367 Ziem·

80 4361 135 4436 1li·
149 4379 169 4432 5.
184 4383 207 4437 8.
235 4381 310 4438 Alex.
328 4396 381 4449 rog
396 4379 501 4440 wieder
514 4377 617 4436 curticle
669 4375 724 4432 lich
737 4375 863 4434 desselbe
876 4377 981 4434 erzihlt
993 4379 1090 4432 Arrlan
1102 4382 1127 4433 2.
1139 4382 1163 4434 8.
