2752 4776
380 270 635 324 ursronmnunr
652 271 865 325 ,muranum
884 273 915 334 v,
935 277 958 325 a.
976 275 1001 323 c.
1215 271 1276 338 165

613 476 690 536 Car.
714 475 761 536 Vl.

55 585 90 651 20
188 593 315 655 Postero
338 591 384 652 die
400 599 577 653 convocatos
599 591 690 653 duces
707 593 858 672 copiarum
882 592 982 664 docet,
1007 592 1118 655 nullam
1141 593 1307 656 insertio-1

103 693 171 737 rem
198 675 306 738 urbem
329 677 448 738 Graecis
475 694 554 747 esse,
583 693 670 754 quam
700 677 812 753 regiam
841 685 974 738 veterum
1003 677 1133 739 Persidis
1160 696 1273 757 regum.

107 758 249 823 lliucilla
264 762 410 822 immensa
425 760 542 838 agmina
564 759 675 821 inlusa:
700 759 770 821 lrinc
791 761 919 823 Dareum
942 762 1040 841 prius,
1064 762 1131 823 dein
1146 762 1274 824 Xerxem

105 845 246 927 Europae
266 846 390 924 impium
412 843 546 904 intulisse
567 843 688 905 bellum.
734 844 857 905 Excidio
872 843 949 906 illius
971 846 1187 923 parentandum
1210 864 1275 909 esse

103 928 280 992 maioribus.
330 929 450 1005 lanaque
476 926 596 990 barbari
624 928 742 989 deserto
764 929 888 1007 oppido,
917 947 975 1009 qua
1002 947 1150 1009 quemque
1178 940 1308 993 metusu

103 1013 228 1093 agebat,
257 1012 449 1092 diffugerant,
482 1029 549 1073 cum
577 1030 629 1072 rex
663 1011 841 1092 phalangem
868 1012 941 1073 nibil
970 1020 1124 1075 cunctatus
1151 1014 1272 1076 inducit.

101 1097 212 1160 llultas
233 1095 325 1159 urbes
346 1095 471 1158 relertas
493 1095 643 1176 opulentia
666 1097 747 1175 regia
774 1098 881 1176 partim
904 1106 1138 1177 expugnaverat,
1166 1100 1273 1177 partim

101 1184 133 1242 iu
156 1182 249 1243 iidem
271 1190 441 1261 acceperat,
470 1181 521 1243 sed
544 1179 629 1243 urbis
650 1180 737 1241 lruius
759 1180 876 1242 divitiae
899 1182 997 1243 uicere
1019 1182 1191 1260 praeterita,
1241 1183 1309 1243 lot

100 1266 182 1327 hauc
210 1266 303 1327 totius
323 1264 454 1327 Persidis
481 1282 553 1344 opes
576 1273 789 1343 congesserant
811 1264 944 1328 barbari:
975 1284 1081 1328 aurum
1105 1276 1275 1345 argentum·

102 1369 162 1431 que
185 1348 366 1412 cumulatum
388 1357 468 1418 erat,
498 1349 584 1410 vestis
606 1349 711 1429 ingens
734 1349 853 1420 modus,
880 1348 1013 1428 supellex
1036 1369 1095 1412 non
1118 1351 1154 1412 ad
1177 1369 1273 1420 usum,

101 1434 156 1496 sed
179 1433 217 1496 ad
241 1434 467 1496 ostentationem
495 1431 581 1494 lusus
602 1443 769 1511 conparata.
822 1435 922 1515 ltaque
944 1435 1020 1495 inter
1042 1437 1122 1513 ipsos
1149 1436 1309 1497 victores4

102 1520 187 1580 lcrro
215 1516 425 1579 dimicabatur:
459 1534 513 1595 pro
542 1516 627 1579 hoste
654 1526 730 1588 erat,
765 1521 816 1598 qni
848 1520 1053 1599 pretiosiorem
1082 1527 1276 1600 occupaverat

101 1602 261 1683 praedam:
292 1610 322 1662 et
349 1619 417 1662 cunr
445 1601 559 1671 omnia,
588 1619 663 1680 quae
691 1602 887 1682 recipiebant,
923 1621 1030 1683 capere
1058 1622 1117 1665 uon
1145 1612 1274 1682 possent,

100 1688 160 1749 iam
183 1703 235 1747 res
255 1704 316 1746 uon
338 1684 574 1764 occupabantur,
604 1686 655 1746 sed
680 1686 920 1749 aestimabantur.
970 1686 1156 1749 Lacerabant
1177 1689 1309 1767 regiasti

101 1779 215 1841 restes,
250 1769 286 1830 ad
314 1787 346 1831 se
374 1771 499 1850 quisque
525 1779 640 1850 partem
670 1771 836 1832 trahentes:
871 1770 1001 1832 dolabris
1028 1773 1176 1852 pretiosae
1204 1774 1275 1833 artis

102 1873 172 1919 rasa
195 1852 374 1916 caedebant:
399 1853 471 1914 nihil
493 1872 591 1935 neque
613 1856 756 1916 intactum
782 1862 846 1916 erat
867 1872 965 1933 neque
986 1858 1135 1934 integrum
1159 1856 1275 1917 lereba·

102 1949 168 2000 tur:
193 1937 320 2017 abrupta
335 1937 561 1999 simulacrorum
577 1937 725 2009 membra,
749 1947 781 1999 ut
803 1940 929 2018 quisque
951 1937 1104 2009 avelleret,
1128 1939 1272 2000 trahebat.

101 2024 209 2101 Neque
231 2023 353 2084 avaritia
374 2021 486 2092 solum,
517 2021 568 2082 sed
591 2022 679 2083 etiam
702 2021 861 2083 crudelitas
887 2024 917 2082 in
940 2031 1023 2103 capta
1046 2023 1121 2085 urbe
1143 2031 1307 2103 grassatae

104 2115 159 2170 esu
190 2122 265 2168 auro
292 2115 475 2186 argentoque
498 2107 596 2166 onusti
621 2105 685 2167 vilia
709 2108 890 2186 captivorum
919 2125 1046 2187 corpora
1074 2106 1272 2177 trucidabant,

103 2192 275 2271 passimque
301 2188 380 2250 obvii
409 2188 622 2259 caedebantur,
659 2207 733 2268 quos
762 2200 831 2252 aute
858 2192 988 2271 pretium
1023 2192 1068 2252 sui
1095 2190 1274 2253 miserabilis

104 2277 224 2337 iecerat.
263 2274 346 2336 Multi
369 2292 440 2353 ergo
463 2274 593 2336 bostium
617 2291 721 2336 manus
742 2275 906 2336 voluntaria
927 2287 1023 2337 morte
1045 2282 1307 2357 occupaverunt,l

107 2358 317 2439 pretiosissima
339 2361 464 2420 restium
487 2359 581 2420 induti
603 2377 620 2419 e
641 2360 735 2420 muris
756 2361 931 2439 semetipsos
952 2379 1020 2422 cum
1043 2360 1217 2441 coniugibus
1239 2379 1273 2422 ac

103 2441 206 2505 liberis
227 2443 259 2503 in
282 2461 428 2522 praeceps
449 2444 599 2505 iacientes.
644 2444 768 2516 Quidam
791 2446 888 2523 ignes,
912 2445 990 2526 qnod
1013 2444 1101 2525 paulo
1124 2455 1191 2526 post
1213 2444 1259 2505 lac

103 2539 191 2589 turus
211 2528 306 2588 hostis
328 2526 495 2596 ridebatur,
526 2527 714 2589 subiecerant
736 2527 871 2598 aedibus,
901 2537 934 2590 ut
956 2547 1023 2591 curu
1048 2531 1109 2589 suis
1131 2531 1185 2589 rivi
1208 2546 1273 2588 cre·

99 2619 268 2673 orarentur.
314 2611 445 2672 Tandem
468 2629 537 2672 suos
558 2630 612 2673 rex
634 2612 809 2692 corporibus
831 2623 861 2673 et
882 2613 962 2673 cultu
985 2612 1161 2673 seminarum
1185 2611 1273 2673 absti·
1291 2617 1309 2667 8

99 2715 176 2759 nere
208 2696 303 2758 iussit.
344 2686 462 2773 ‘lugens
490 2697 620 2773 captivae
646 2697 790 2776 pecuniae
817 2696 923 2757 modus
950 2696 1092 2765 traditur,
1120 2713 1214 2776 prope
1243 2706 1274 2756 nt

98 2781 192 2842 fidem
215 2779 352 2843 excedat:
390 2781 528 2842 Ceterum
552 2788 602 2842 aul
623 2780 659 2842 de
680 2779 745 2843 aliis
767 2799 884 2860 quoque
906 2779 1107 2842 dubitabimus
1136 2789 1187 2842 aut
1209 2784 1309 2841 cre-9

321 3014 378 3065 ΟΜ,
410 3015 447 3066 vl
716 2979 975 3047 unterbringeu,
998 2979 1275 3049 lortbriugen.-

381 3055 387 3068 '
449 3060 454 3069 '
716 3063 799 3103 occu
828 3048 1275 3104 abactur=wurdeuobne

136 3121 159 3171 1.
173 3117 317 3182 regiam,
331 3113 590 3236 ‘llriniffisstadtn
609 3118 663 3171 wie
716 3065 824 3178 Walrs,
842 3116 874 3171 in
891 3114 970 3171 llast
987 3114 1232 3184 aulgegrifien,
1250 3135 1272 3173 s.

99 3187 162 3239 3.1,
178 3188 218 3237 12.
248 3182 371 3239 Gemeiut
388 3183 425 3238 ist
459 3183 601 3252 ersepobs,
620 3184 663 3238 die
715 3182 759 3239 die
771 3182 841 3239 Note
854 3200 888 3239 zu
901 3188 924 3237 3.
939 3187 963 3239 2.
978 3188 1016 3240 15.

99 3250 203 3306 alteste
242 3250 298 3305 und
332 3248 496 3317 cigentlicbe
530 3250 663 3306 Residenz
749 3249 1273 3318 saruspret=v0uuohemttuuso

99 3319 153 3374 der
175 3315 328 3373 Grosslon
349 3334 382 3382 e,
407 3317 451 3373 dle
474 3318 544 3373 auch
569 3324 663 3386 spater
715 3317 814 3380 werth,
832 3317 942 3374 ahulich
965 3335 1037 3386 opus
1050 3321 1185 3385 antiquae
1198 3320 1273 3373 ortis

100 3386 269 3452 llrduuugs·
286 3401 313 3440 u.
330 3333 366 3441 be
387 3382 579 3440 rabuissstatte
601 3384 663 3440 der·
714 3383 759 3440 bei
776 3384 829 3442 Cic.
845 3414 880 3423 -
896 3389 1066 3442 intactum
1078 3391 1167 3447 erat,
1180 3383 1271 3439 blieb

78 3472 81 3477 ¹
99 3451 200 3508 selben
212 3450 295 3514 blieb,
308 3450 347 3507 als
361 3399 471 3532 ‹lerlloi
481 3453 562 3507 meist
574 3452 601 3505 in
612 3450 663 3507 lic·
713 3452 888 3518 unversehrt,
901 3452 1064 3532 utnberiihrt.

98 3520 201 3576 bataua
213 3518 271 3575 und
284 3518 352 3575 Susa
365 3518 467 3575 werlte.
748 3524 772 3577 6.
787 3520 883 3584 vilia,
897 3520 943 3576 dre
953 3518 1151 3576 nuuwerthlos
1162 3533 1271 3586 gewor-

133 3591 160 3642 u.
173 3587 290 3644 vicere
311 3592 433 3653 praet,
458 3584 662 3642 ‘ilberboteu
714 3586 815 3650 denen,
829 3587 862 3643 da
872 3585 1126 3643 dielidclrsichtaul
1134 3584 1271 3642 dasbrise·

97 3654 188 3711 alles
214 3653 254 3709 ba
283 3659 464 3716 ewesene’;
492 3653 562 3709 auch
585 3653 661 3709 blod.
712 3652 1271 3721 geldnichtmebrbestimmendwar.—

99 3730 189 3803 pequt
206 3669 342 3802 (imbutam
363 3714 581 3800 πλουσιωτάτῳ
605 3720 661 3800 aeia
709 3723 859 3789 pretium
876 3724 943 3801 sui,
961 3722 1009 3778 der
1022 3721 1109 3801 durch
1127 3723 1167 3777 sie
1180 3738 1213 3777 zu
1227 3738 1271 3776 er-

97 3806 158 3842 ano
185 3806 238 3842 aar
263 3791 348 3855 ηλιον
372 3787 428 3843 und
445 3786 602 3844 beschrerbt
620 3803 661 3843 sre
711 3786 1221 3856 hollendetiewrnn,vgl.llrnl.S.10.
1238 3816 1271 3824 -

100 3856 265 3924 eingebend.
712 3857 868 3912 miserab.
880 3856 1032 3924 fecerat,
1050 3856 1110 3910 hier
1128 3871 1181 3910 nur
1192 3855 1271 3922 feee-

135 3929 160 3980 3.
173 3925 283 3980 vestis
299 3945 333 3969 =
349 3923 469 3990 Zeuge,
494 3921 617 3985 stelle,
636 3940 658 3978 s.
712 3928 768 3987 rot,
783 3930 813 3979 ut
824 3925 862 3979 iis
871 3928 1054 3990 parceretur.
1123 3980 1136 4001 ν

100 3991 172 4049 Einl.
189 3991 216 4057 s.
233 3995 264 4055 4;
280 3991 398 4047 modus
414 4013 447 4033 =
464 3992 515 4054 oie,
527 3993 618 4057 copia,
630 3991 657 4056 8.
746 3995 769 4044 t.
787 3996 1051 4057 occupauerunt
1071 4011 1104 4032 --
1121 3989 1270 4054 εφθασαν,

100 4064 129 4123 8;
143 4064 168 4114 t.
181 4062 206 4113 t.
219 4062 260 4121 21,
274 4059 310 4114 ist
323 4057 474 4114 nachclass.
486 4084 519 4097 -
532 4074 659 4125 conpe-
710 4056 799 4113 Ueher
819 4062 909 4124 pret.
929 4058 1078 4113 vestium
1094 4075 1116 4112 s.
1134 4061 1158 4112 3.
1177 4060 1218 4114 13,
1239 4061 1268 4120 5;

99 4132 194 4189 rute,
215 4125 270 4182 wie
290 4125 319 4180 in
340 4123 463 4190 gleiclrer
482 4124 660 4192 Verbinduug
712 4122 781 4179 tiber
793 4126 804 4178 i
809 4124 854 4178 nd
859 4128 911 4179 uti
921 4140 944 4178 c.
957 4140 1011 4179 acc.
1025 4143 1046 4181 s.
1059 4123 1128 4180 Einl.
1143 4125 1169 4189 S.
1182 4123 1247 4179 aad.

100 4198 225 4250 exectus
238 4196 261 4249 1.
273 4196 320 4257 233
332 4195 492 4249 instructus
506 4196 529 4249 1.
541 4197 583 4247 36.
744 4194 768 4246 9.
779 4197 938 4247 aut-aut
950 4191 1024 4248 stelit
1031 4190 1170 4260 ldreiuhy
1192 4191 1270 4247 otbe-

128 4260 659 4327 emanaturam,-recipereausicu
712 4258 814 4314 tisches
839 4257 945 4338 delige
970 4260 1042 4325 (nisi
1069 4209 1269 4340 dubitabimus,

102 4328 259 4392 uehmeu,
289 4326 489 4393 aulsaclreu;
519 4343 659 4397 cupere,
711 4328 885 4394 credemus),
906 4342 959 4383 wrc
976 4330 1047 4385 auch
1065 4326 1209 4384 brswerlen
1226 4326 1269 4384 ber
1331 4358 1334 4363 -
