2898 4906
411 275 655 324 ursronrnnuu
676 275 881 323 erexerunt
903 276 942 340 x,
965 273 990 322 5.
1224 262 1288 327 219

15 465 17 478 ·
108 447 188 490 cum
210 425 375 494 Nearchus
402 429 549 506 occurrit,
578 448 669 509 quem
689 449 750 509 ρον
773 427 932 494 Oceauum
956 434 986 493 et
1006 428 1185 510 Euphratis
1206 432 1288 496 ostia

14 509 16 592 j
114 510 314 594 Babphuem
329 513 559 592 praemiserat:
581 516 766 595 orabatque,
789 533 828 576 ue
847 513 977 593 fatalem
998 514 1060 580 sibi
1079 515 1188 578 urbem
1201 515 1288 580 uellet

14 627 16 688 ς
114 596 251 675 iuqredi.
297 593 485 677 Conpertum
506 595 542 662 id
561 597 623 660 sibi
644 616 682 660 eu
697 596 879 674 Chaldaeis,
903 599 960 678 qui
978 598 1086 662 multis
1107 600 1175 664 iam
1189 620 1287 680 prae-
1341 663 1343 670 Α

14 745 15 750 ,
110 677 291 742 οἰνοΐοοννοοννν
312 681 468 745 eoeutibus
489 682 571 745 artis
591 700 668 745 suae
682 681 897 745 certitudiuem
918 681 1042 745 abuude
1057 682 1285 762 probavissent.

115 761 191 826 Res
220 763 313 842 sama
344 781 452 828 eorum
484 765 647 828 homiuum
679 766 893 845 constantique
922 765 1155 830 adseueratioue
1187 772 1288 832 motas

112 847 257 911 dimissis
278 849 314 910 iu
339 848 448 912 urbem
473 850 648 913 amicorum
674 845 830 929 plerisque
856 849 924 913 ahia
950 850 1005 912 uia
1029 855 1158 929 praeter
1178 849 1287 934 Babq-

111 930 220 994 douem
255 931 341 995 ducit
375 952 413 996 ae
444 933 584 997 duccutis
614 931 688 996 iude
719 933 833 996 stadiis
864 934 980 997 statiua
1010 933 1099 997 hosat.
1153 933 1216 998 Sed
1247 936 1287 1000 ab

111 1013 314 1079 Auaaarcho
328 1016 514 1098 philosopho
543 1017 664 1081 edoctus
691 1017 870 1098 comtemptis
892 1015 1124 1081 Chaldaeorum
1149 1020 1285 1096 monitis,

113 1118 253 1178 qaorum
287 1100 489 1181 disaphiuam
526 1101 656 1165 iuauem
696 1105 754 1164 aut
787 1119 1015 1182 superuacuam
1056 1101 1286 1182 arbitrabatur,

112 1183 227 1247 urbem
261 1184 370 1248 iutrat.
420 1183 607 1267 Leqatioues
639 1185 701 1263 eo⁶)
738 1203 776 1248 ec
808 1185 952 1248 uummso
984 1183 1081 1264 ferme
1113 1185 1185 1250 orbe
1217 1206 1286 1250 cou-

12 1309 15 1360 ,
112 1266 286 1346 daromam.
333 1266 452 1346 Quibus
474 1289 534 1350 per
555 1268 726 1350 complures
750 1268 815 1332 dies
842 1268 977 1334 studiose
998 1269 1118 1334 auditis
1146 1269 1288 1352 dduceps

112 1351 162 1414 ad
182 1349 424 1432 Hephaestiouis
444 1352 592 1434 exequias
612 1352 726 1417 adiecit
752 1352 905 1416 animum.
959 1350 1046 1431 Quae
1072 1372 1193 1418 summo
1221 1374 1286 1418 om-

113 1435 209 1498 mium
229 1436 332 1499 studio
352 1437 401 1500 ita
422 1436 592 1500 celebratae
611 1440 701 1518 suut,
730 1440 767 1500 ut
791 1436 912 1500 muthius
939 1437 1040 1500 adid
1065 1441 1184 1518 tempus
1204 1440 1287 1520 repis
1336 1510 1340 1517 ,

110 1519 234 1600 feralia
269 1520 487 1666 witardus
522 1524 704 1602 sumptuum
740 1524 975 1602 apparatusque
1016 1520 1187 1586 salebritate
1222 1542 1286 1586 uou

61 1634 64 1641 ·
114 1604 256 1667 oiecriut.
333 1609 380 1668 ost
405 1604 482 1669 haec
502 1605 614 1686 cupido
638 1605 766 1668 iucesse't
785 1605 852 1685 rcqi
872 1624 932 1686 per
954 1602 1161 1686 Pallacopam
1169 1605 1190 1686 ⁶)
1220 1627 1287 1670 am-

111 1706 188 1751 uem
209 1687 254 1751 ad
273 1686 420 1752 Arabum
441 1689 580 1771 ooufiuia
601 1688 793 1770 uaoiqaudi:
815 1707 875 1769 quo
897 1688 1032 1766 delatus,
1059 1689 1133 1754 urbi
1154 1691 1286 1755 coudeu·

112 1771 178 1836 dac
198 1773 359 1837 commoda
379 1773 448 1838 sede
473 1777 598 1854 reperta
620 1770 815 1838 Graecorum
836 1776 936 1836 aetate
957 1776 1015 1836 aut
1034 1772 1215 1838 comatam
1235 1775 1286 1838 ia·

17 1906 21 1917 .
114 1857 239 1922 ualidas
260 1861 303 1937 et,
330 1858 438 1938 siqui
457 1859 564 1938 sponte
584 1859 815 1934 remauseraut,
843 1857 890 1920 ibi
911 1857 1056 1920 coutecat.
1103 1855 1223 1935 Quibus
1249 1877 1287 1922 eu

116 1942 272 2006 seuteutia
288 1940 434 2024 perfectis
454 1943 522 2006 iam
541 1940 646 2020 futuri
665 1958 793 2004 securus
811 1937 987 2005 Chaldaeos
1006 1940 1182 2022 inridebat,
1206 1943 1289 2022 quod

10 2057 13 2094 ι
115 2025 314 2108 Babplauem
334 2045 400 2090 unu
424 2026 584 2108 impressus
610 2028 734 2088 tautum
760 2028 835 2088 esset
854 2023 1034 2102 imotumis,
1062 2026 1288 2089 verumetiam

10 2097 12 2118 '
114 2110 304 2175 excessisset
348 2109 396 2173 At
422 2129 493 2174 uero
525 2108 689 2173 reocrteuti
715 2127 776 2189 per
809 2105 959 2189 pahudes,
993 2126 1074 2187 quas
1105 2105 1287 2190 Euphrates

116 2196 155 2258 iu
178 2192 385 2276 Pallacopam
399 2195 517 2275 effusus
530 2193 639 2276 efficit,
661 2192 786 2272 foedum
803 2211 893 2255 omeu
908 2191 1047 2255 oblatum
1067 2195 1119 2258 est.
1166 2191 1287 2274 Quippe

114 2279 204 2342 rami
230 2279 361 2360 desuper
386 2279 586 2362 iupeadeutes
613 2278 785 2342 detractum
807 2275 905 2356 capiti
930 2277 1015 2357 reqio
1042 2275 1190 2341 diadema
1209 2297 1287 2358 pro-

115 2364 256 2428 iecermt
275 2365 311 2429 iu
338 2365 458 2448 purus.
505 2361 585 2428 Oum
612 2361 722 2427 deiude
749 2359 817 2427 alia
842 2379 937 2443 super
963 2359 1033 2427 ahia
1052 2362 1289 2448 prodiqiesaet

9 2483 10 2500 2
114 2449 260 2512 minacia
280 2450 520 2530 uuutiareutur,
536 2449 752 2530 procuramus
772 2449 817 2514 eis
832 2446 954 2513 Gracco
973 2449 1069 2515 simut
1090 2450 1287 2534 barbaroque

111 2535 184 2598 ritu
205 2534 355 2598 coutmua
375 2552 469 2598 saera
492 2531 580 2613 facta
600 2537 684 2598 umt.
728 2531 838 2615 Neque
864 2538 970 2599 tamem
996 2535 1121 2618 copiari
1143 2543 1285 2618 praeter-

9 2637 10 2688 }
110 2639 216 2700 quam
236 2622 333 2683 marte
359 2619 441 2701 repis
466 2621 600 2699 potuere.
647 2615 710 2698 Qui
737 2637 807 2682 cum
829 2616 1012 2684 Nearchum
1033 2622 1195 2702 mceprsset
1214 2641 1285 2686 cou-

9 2727 10 2748 r
110 2703 201 2768 eicio
231 2703 358 2784 iamque
384 2702 522 2768 cubitum
549 2703 655 2768 iturus
682 2707 772 2783 esset,
805 2700 939 2782 Media)
969 2702 1136 2768 Larissaei
1162 2704 1286 2770 obuiuis

109 2787 260 2870 precibus
281 2788 378 2866 dedit,
402 2791 438 2852 ut
458 2788 502 2853 ad
522 2808 593 2852 eum
615 2789 846 2854 commissatum
862 2788 988 2852 erubet.
1039 2785 1101 2854 Ubi
1117 2793 1286 2870 postquam

9 2879 11 2892 '
113 2874 184 2936 tota
208 2875 294 2936 mete
314 2873 509 2953 perpotavit,
538 2872 620 2936 mate
640 2871 754 2936 habere
774 2873 881 2954 coepit.
926 2870 1151 2954 quraoesccus
1177 2873 1287 2956 deiuoh

9 2963 10 2968 ’
111 2955 245 3019 morbus
271 2956 347 3020 adeo
374 2975 479 3020 omues
505 2957 588 3021 uires
613 2957 703 3020 iutra
729 2960 850 3020 sectum
877 2956 960 3020 diem
986 2955 1146 3038 exhausit,
1181 2961 1218 3021 ut
1246 2977 1286 3022 uc

111 3043 201 3104 ‘eoem
215 3040 341 3120 quidem
349 3044 488 3121 potestas
502 3044 586 3104 esset.
623 3039 753 3104 Iuterea
767 3040 881 3104 milites
901 3039 1109 3105 sollieitudine
1120 3041 1284 3107 desiderio·

112 3143 177 3203 que
198 3125 265 3188 eius
279 3125 385 3205 auaii,
408 3143 601 3205 quamquam
615 3123 837 3188 obtestantibus
858 3124 1002 3202 ducibus,
1024 3145 1064 3190 ue
1080 3125 1285 3191 ualitudiuem

9 3241 11 3248 >
113 3207 200 3288 repis
234 3213 414 3290 aumareut,
451 3211 680 3290 cupressorum,
713 3211 750 3272 ut
780 3208 817 3272 ia
847 3213 1039 3291 eorupeatum
1071 3210 1139 3275 cius
1171 3210 1285 3274 admit

116 3295 263 3356 tereretur.

184 3425 213 3494 o)
230 3424 425 3495 legationes
443 3442 481 3483 eo
501 3433 552 3483 ete.
588 3425 614 3483 S.
631 3425 700 3506 Just
721 3429 760 3483 12.
779 3430 824 3490 13;
842 3427 903 3483 Ανν.
921 3444 949 3484 u.
967 3427 1044 3490 Diod.
1061 3444 1084 3483 a.
1102 3444 1125 3482 a.
1143 3427 1174 3482 0.
1231 3466 1233 3470 -

185 3495 213 3558 6)
235 3493 456 3574 Pallacopam.
500 3493 588 3550 Ueber
623 3493 728 3574 dreeen·
753 3493 813 3548 dem
848 3495 962 3550 rechten
989 3493 1054 3550 Uter
1089 3493 1136 3548 des
1167 3500 1284 3550 unteren

9 3605 11 3622 .
115 3560 241 3629 Euphrat
258 3560 382 3641 uernlrch
400 3559 514 3639 paraltet
533 3559 681 3616 lautenden
698 3559 877 3639 Rresenlranal
895 3579 917 3616 s.
936 3563 996 3616 Arr.
1015 3566 1039 3615 7.
1057 3563 1097 3615 21.
1230 3628 1236 3639 ,

169 3628 335 3751 h⁷b²ledbb⁸
375 3627 468 3750 qubber¹
484 3627 578 3749 deterri}
600 3625 747 3746 {ghmauss
768 3626 812 3681 bet
834 3626 874 3706 bh
887 3627 941 3694 vgl.
959 3642 1056 3682 ausser
1077 3629 1138 3683 Arr.
1156 3643 1185 3683 n.
1206 3626 1283 3684 blod.

115 3711 169 3750 auo
239 3711 278 3753 u.
330 3711 370 3752 ex.
427 3711 524 3759 ;us·
579 3735 585 3749 .
639 3728 645 3743 ·
1188 3709 1191 3714 ’

636 3846 714 3908 Cer.
737 3845 771 3905 V.

67 3979 109 4042 14
203 3982 388 4044 Intuentibus
426 3981 566 4045 lacrimae
607 3979 729 4042 obortae
765 3979 932 4060 praebuere
968 3981 1100 4062 speciem
1132 3979 1191 4040 iam
1223 3997 1317 4045 nont

338 4179 404 4234 Cer.
422 4179 457 4235 V.
727 4187 773 4236 tae
788 4179 943 4249 prodidere
960 4180 1133 4235 animum'cs
1154 4180 1285 4234 erueretis

154 4247 492 4306 1.1utucutibasetc.
531 4249 676 4316 Vetat.
726 4248 892 4314 idmuuus,
916 4246 1050 4303 woaueh
1073 4246 1117 4302 die
1171 4244 1285 4301 ortstel·

118 4320 151 4368 19
169 4317 209 4372 cd
224 4317 300 4373 hauc
322 4331 416 4374 uocem
437 4316 573 4372 lacrimae
595 4316 676 4372 obor-
727 4313 795 4383 lung
814 4316 874 4371 eine
892 4313 1018 4372 ahnliche
1036 4313 1080 4370 ist.
