2752 4776
174 258 235 323 112
633 271 666 331 Q.
690 269 896 317 3333111331

123 431 278 509 33331311,
303 446 369 488 eum
392 427 486 489 lorica
508 426 629 487 indutus
652 444 733 487 arma
754 432 893 504 gestaret.
938 425 1037 495 idem,
1067 444 1136 487 cum
1165 432 1326 506 perventum
1360 499 1363 508 Ι

175 522 252 574 osset
274 514 306 573 in
328 514 442 583 saltum,
467 516 497 572 in
520 531 579 593 quo
601 530 633 571 se
654 510 777 571 barbari
800 509 989 580 abdiderant,
1014 509 1149 572 nobilem
1171 509 1266 571 edidit
1282 526 1327 589 pu·
1368 529 1374 584 1

123 618 156 668 38
175 617 263 677 gnam
286 615 447 676 regemque
475 597 641 657 comminus
662 613 730 656 cum
753 594 838 656 boste
874 596 1062 656 dimicantem
1096 595 1240 674 protexit.
1281 592 1330 657 Sel
1370 593 1374 660 i

174 692 330 762 postquam
352 682 473 743 barbari
495 684 525 741 13
548 683 647 759 lugam
671 681 755 741 eliusi
777 679 939 741 deseruere
961 680 1056 749 silvas,
1081 682 1216 755 animus,
1239 678 1330 758 quiin

175 768 281 829 ardore
304 784 419 847 pugnae
442 785 552 845 corpus
580 773 809 832 sustentaverat,
838 764 925 844 liquit
953 764 1112 843 subitoque
1140 782 1179 824 ex
1206 762 1331 826 omnibus

124 871 157 920 33
176 852 318 913 membris
334 853 456 932 proluso
473 851 581 911 sudore
599 850 714 910 arboris
729 850 882 928 proximae
897 850 989 929 stipiti
1005 868 1037 909 se
1052 848 1207 928 adplicuit.
1228 846 1331 909 Deinde

176 957 213 997 ue
235 935 286 997 illo
310 937 430 1013 quidem
452 932 631 996 adminiculo
654 938 819 995 sustinente
841 933 978 994 manibus
1007 935 1087 1011 regis
1115 940 1255 1013 exceptus
1281 940 1331 1007 est,

168 1023 254 1082 'inter
278 1038 351 1099 quas
372 1020 530 1098 conlapsus
552 1020 744 1097 extinguitur.
782 1019 925 1080 Maestum
949 1036 1052 1095 regem
1076 1017 1154 1078 alius
1178 1015 1330 1079 3331113313

124 1106 260 1173 43113133
284 1108 410 1187 excepit.
448 1106 585 1185 Erigyius
608 1105 686 1165 inter
708 1102 804 1165 claros
827 1103 917 1164 duces
939 1103 1050 1164 luerat:
1073 1121 1166 1182 quern
1183 1104 1330 1164 extinctum
1362 1156 1366 1168 .

177 1210 241 1253 esse
264 1189 363 1271 paullo
385 1198 461 1260 ante,
486 1208 572 1269 quam
596 1196 798 1249 reverteretur
820 1189 971 1256 13333133,
996 1190 1146 1265 cognovit.
1186 1186 1331 1267 Utriusque
1363 1178 1374 1240 'a

176 1277 264 1337 sunus
288 1276 367 1335 omni
389 1283 531 1355 apparatu
553 1281 640 1350 atque
663 1272 776 1333 bonore
800 1273 982 1334 celebratum
1006 1283 1060 1333 est.

688 1408 765 1470 cao.
788 1407 837 1468 lll.

145 1546 159 1593 1
265 1528 361 1588 Dabas
383 1526 490 1587 deinde
513 1535 657 1587 statuerat
684 1536 801 1605 petere:
835 1525 877 1586 ibi
908 1544 1034 1606 namque
1057 1526 1252 1603 Spitamenen
1278 1520 1364 1587 essel

179 1622 368 1690 cognoverat.
406 1611 465 1671 Sed
487 1610 564 1672 bane
587 1630 705 1691 quoque
729 1611 955 1691 expeditionem,
981 1619 1012 1671 ut
1034 1610 1181 1691 pleraque
1195 1610 1262 1681 3113,
1282 1611 1332 1671 lor·

157 1707 249 1765 ¹tuna
272 1695 453 1775 indulgendo
477 1695 503 1755 ei
526 1714 685 1775 numquam
709 1697 828 1774 fatigata
850 1714 906 1774 pro
929 1694 1052 1758 absente
1080 1697 1236 1775 transegit.
1276 1694 1332 1774 Spi-

178 1789 311 1843 tamenes
330 1782 434 1842 'uxoris
455 1781 615 1841 immodico
638 1799 740 1841 amore
762 1779 921 1857 llagrabat:
956 1797 1042 1858 quam
1072 1798 1163 1859 aegre
1192 1782 1282 1859 lugam
1306 1788 1330 1839 et

179 1884 253 1926 nova
276 1865 402 1927 subinde
425 1863 512 1925 exilia
535 1865 720 1940 tolerantem,
744 1868 776 1926 in
799 1883 887 1926 omne
909 1864 1070 1925 discrimen
1091 1868 1233 1927 comitem
1245 1862 1328 1925 trabe·

145 1968 161 2015 2
179 1950 238 2012 bat.
276 1949 327 2011 1113
349 1948 434 2011 malis
456 1951 576 2029 fatigata
597 1950 759 2011 identidem
782 1948 943 2011 muliebres
966 1949 1108 2011 adbibere
1124 1949 1330 2017 blanditias,ut

179 2037 299 2097 tandem
322 2035 420 2114 lugam
443 2037 561 2097 sisteret
589 2037 767 2115 vletorisque
794 2035 953 2096 Alexandri
983 2033 1172 2096 clementiam
1207 2042 1330 2115 expertus

146 2120 326 2201 3plaoaret,
361 2139 449 2200 quem
478 2120 609 2198 ellegere
637 2139 697 2181 non
718 2130 829 2200 posset.
875 2120 950 2181 Tres
973 2117 1066 2180 adulti
1090 2126 1179 2181 erant
1199 2118 1286 2181 liberi
1303 2134 1331 2177 ex
1356 2175 1357 2180 ,

181 2224 216 2266 33
249 2206 356 2283 geniti:
391 2222 466 2281 quos
494 2224 563 2265 eum
591 2206 705 2284 pectori
733 2207 825 2283 patris
848 2205 1035 2279 admovisset,
1059 2213 1093 2265 ut
1114 2204 1220 2265 saltem
1243 2218 1331 2265 eorun

180 2290 318 2350 misereri
341 2287 442 2357 vellet,
467 2288 583 2350 orabat:
619 2297 662 2359 31,
697 2308 755 2367 quo
779 2289 960 2350 ellieaciores
988 2296 1089 2351 esseut
1117 2306 1238 2368 preces,
1267 2281 1330 2349 11331

146 2373 286 2453 tproeul
310 2381 373 2433 erat
388 2372 563 2435 Alexander.
608 2373 660 2433 1113
683 2392 715 2433 33
738 2374 833 2453 prodi,
857 2391 916 2434 non
939 2376 1057 2435 moneri
1077 2382 1161 2434 ratus
1184 2381 1213 2434 31
1235 2372 1330 2432 lormae

181 2458 316 2538 prolecto
338 2458 442 2518 1313313
467 2476 576 2535 cupere
598 2476 662 2519 eam
678 2461 896 2537 quamprimum
913 2459 979 2519 dedi
995 2458 1173 2528 Alexandro,
1197 2460 1329 2518 acinacen

182 2545 300 2604 strinxit
321 2560 519 2623 percussurus
541 2561 673 2611 uxorem,
699 2544 755 2603 nisi
777 2542 944 2622 prohibitus
968 2552 1045 2604 esset
1067 2544 1195 2603 fratrum
1218 2544 1329 2603 eiusce·

216 2715 257 2764 38.
275 2711 390 2778 tiouin
410 2709 511 2765 ebenso
524 2709 667 2776 linquente
680 2712 741 2764 ani·
791 2709 890 2771 multo,
914 2726 935 2764 s.
954 2714 978 2764 6.
997 2714 1021 2763 9.
1040 2712 1080 2764 35.
1116 2707 1190 2764 Aber
1212 2708 1280 2763 aucb
1296 2703 1329 2761 lei

182 2796 226 2833 ino
244 2783 268 2830 6.
288 2785 310 2830 1.
332 2783 376 2837 15;
395 2780 419 2831 6.
433 2782 457 2831 9.
476 2782 508 2829 33
522 2781 583 2832 ud.
599 2777 669 2832 ohne
686 2776 739 2832 01)-
792 2777 882 2832 dieser
907 2776 1077 2843 Auilassung
1098 2776 1146 2831 des
1169 2776 1278 2832 Wortes
1297 2788 1329 2827 er-

180 2846 241 2914 J'elrt
261 2847 400 2913 (eorpus).
429 2845 482 2900 Zur
500 2844 586 2900 Sache
603 2843 657 2911 vgl.
670 2845 740 2901 Just.
792 2845 899 2899 scheint
922 2843 970 2899 der
988 2843 1132 2899 Ausdruclx
1153 2844 1226 2899 3333
1246 2843 1330 2911 hyper·

184 2917 223 2967 15.
242 2919 266 2965 3.
285 2918 324 2969 12.
791 2911 912 2974 boliscb,
935 2928 1017 2966 wenn
1035 2928 1096 2966 man
1118 2912 1207 2967 zumal
1227 2927 1280 2978 pro
1294 2906 1331 2963 31

218 2986 258 3035 39,
292 2983 491 3035 sustinente
525 3004 559 3022 =
591 2980 659 3035 ‘ihm
688 2979 740 3034 den
792 2986 871 3035 sente
893 2981 1034 3045 transegit
1063 2994 1130 3046 ganz
1157 2972 1331 3035 buchsttbllcb

184 3046 739 3115 udtbigenHaltgab.’-intorques,
791 3046 868 3103 lasst.
891 3045 1168 3115 -Spitarnenes
1197 3046 1331 3112 11133333

184 3114 273 3181 ugit.
286 3119 325 3171 10.
336 3119 367 3166 19
380 3117 456 3170 inter
468 3130 570 3171 socrus
584 3156 625 3171 ...
639 3130 742 3171 manns
793 3112 922 3181 folgende
950 3114 1112 3170 Gesehicbte
1138 3112 1181 3169 bis
1208 3113 1226 3179 S
1249 3116 1278 3167 lb
1295 3111 1331 3165 ln

184 3183 446 3249 collapsa-erat-
463 3185 612 3250 excepit.
642 3181 742 3237 113333-
793 3182 890 3237 Arrian
913 3182 995 3236 nieht.
1038 3181 1109 3237 b'aeb
1132 3182 1189 3236 ibm
1212 3178 1332 3236 sehnitten

186 3248 741 3317 331331333131333311331331313331-
793 3249 837 3304 dic
878 3249 1052 3316 seytlrisehen
1091 3248 1273 3316 Massageten,
1306 3248 1356 3298 31·

185 3315 744 3374 11313’33331133333111131333(133331
794 3317 882 3372 denen
906 3317 974 3384 Splt.
1002 3317 1060 3372 sieb
1088 3315 1239 3383 gellricbtet
1263 3315 1331 3370 batn

184 3385 213 3438 13
231 3384 382 3451 Besoblag’.
425 3384 496 3439 Gauz
521 3386 621 3442 obenso
640 3389 664 3441 6.
682 3390 740 3440 31
794 3385 897 3439 diesem
909 3383 958 3440 331
969 3383 1115 3439 dieKunde
1128 3400 1191 3439 vom
1202 3375 1332 3438 33331131

185 3459 217 3509 nt
233 3454 355 3519 primum
374 3456 453 3508 caris
476 3455 594 3511 laxatus
617 3459 660 3510 est
680 3455 742 3508 ani·
794 3452 843 3508 der
869 3452 1038 3508 llaeedouier
1064 3453 1116 3507 den
1139 3451 1215 3519 llopl
1235 3451 1267 3506 33
1289 3442 1331 3503 und

186 3537 260 3583 natas,
274 3536 414 3588 excepere
426 3536 489 3577 eam
501 3523 665 3590 uoluptates.
684 3520 744 3588 Vgl.
794 3519 935 3576 3331311133
969 3520 1116 3575 denselben
1150 3536 1184 3574 an
1214 3518 1294 3595 illex„
1307 3514 1332 3578 (l

186 3590 256 3643 3333
274 3588 341 3644 Vell.
360 3593 384 3639 2.
402 3592 435 3640 55
458 3592 592 3646 uictorem
608 3590 745 3656 Africani
795 3593 835 3645 17.
855 3587 889 3656 1).
908 3622 941 3630 -
959 3605 1045 3644 noea
1063 3587 1211 3643 subinde
1228 3609 1260 3629 ==
1277 3591 1332 3637 ‘rn-

187 3657 252 3711 belli
268 3659 381 3723 excepit
398 3655 599 3723 Hispaniense.
795 3673 861 3711 mer
884 3656 1009 3711 wieder
1032 3672 1134 3733 3333,Ι
1155 3654 1236 3709 33333
1258 3648 1331 3707 wetb-

221 3729 262 3777 40.
285 3725 466 3791 Erigyius,
494 3725 640 3780 einander
663 3724 742 3779 11133-
795 3723 910 3778 selnde’.
959 3725 1008 3778 llas
1036 3722 1155 3790 Partrcrp
1185 3722 1333 3797 toleranter!

187 3792 289 3858 tigsten
318 3792 451 3847 Obersten
479 3791 529 3846 der
549 3792 675 3848 Reiterei.
716 3791 742 3847 S.
795 3791 842 3846 bat
869 3792 1044 3846 concessiven
1072 3788 1146 3844 Sinn.
1172 3817 1207 3827 —
1232 3785 1333 3863 exilio·

188 3877 210 3913 z.
231 3858 259 3913 Β.
278 3864 300 3915 t.
320 3864 344 3914 4.
368 3864 475 3915 31313.
511 3860 562 3914 ller
580 3860 656 3914 niebt
677 3875 742 3915 son·
794 3857 886 3915 Etwas
910 3858 1087 3914 versolrieden
1109 3860 1132 3912 6.
1156 3861 1180 3911 4.
1206 3862 1237 3910 13
1262 3850 1333 3913 enm

188 3927 292 3982 derliclr
309 3925 545 3994 gosehmacnvolle
559 3926 675 3982 Satzbau
691 3927 745 3981 wie
797 3927 885 3982 multa
903 3932 1001 3993 potere
1017 3926 1149 3993 fugienti.

187 4001 212 4049 3.
233 4001 256 4049 3.
277 4000 302 4056 1;
322 4003 345 4050 tt.
365 3999 497 4050 e.15.-
518 3997 552 4049 in
570 4000 701 4056 eastra,
720 4012 741 4050 3.
829 4001 853 4051 3.
880 3995 973 4049 band
987 3992 1112 4062 procul
1135 3999 1215 4048 erat
1236 3989 1333 4065 braclq·

188 4063 265 4128 319.
794 4062 902 4129 logisclx
924 4061 982 4115 fiir:
1009 4061 1076 4116 wies
1107 4060 1148 4115 sie
1174 4058 1271 4116 daraul
1291 4057 1332 4111 bn.

404 4163 532 4221 1311·
795 4124 1332 4252 1131111111’,1111311111

224 4271 246 4320 1.
270 4264 388 4321 Dahas
411 4285 432 4321 s.
457 4270 479 4320 1.
503 4269 533 4328 6;
561 4262 743 4331 Spitamenen
795 4279 863 4331 ganz
883 4263 984 4319 ebenso
1004 4267 1129 4318 1311.

189 4350 210 4387 s.
229 4337 252 4388 1.
271 4337 354 4387 313.
379 4362 412 4370 -
433 4333 602 4400 pleraque
624 4354 657 4374 =
678 4347 743 4396 per·
829 4336 853 4386 4.
869 4331 1029 4399 profecto
1054 4331 1128 4387 stebt
1150 4331 1225 4397 hier,
1251 4320 1331 4385 3131
