2752 4776
79 235 141 299 100
524 235 557 297 o.
576 233 689 286 cunm
706 235 796 287 eurr

78 408 160 467 venit
181 404 288 467 Arabia
310 403 429 464 rediens
451 402 626 464 Alexander.
670 403 741 472 llio,
765 403 844 480 quod
866 403 1046 465 inadversis
1060 403 1154 466 rebus
1169 404 1245 467 solet
1255 402 1288 470 13

78 492 159 570 lieri,
183 488 259 551 alius
281 491 311 549 in
335 485 424 549 alium
448 486 564 566 eulpam
585 487 772 554 referebant,
804 505 872 548 eum
895 491 1113 551 omnesverius
1128 489 1168 550 de
1183 506 1247 551 sae·

45 576 148 637 sritia
170 575 261 635 maris
284 573 369 651 queri
390 580 521 651 possent.
565 572 629 632 llex
657 572 724 632 novi
752 574 852 650 operis
879 571 988 633 molem
1017 589 1107 634 orsus
1134 575 1169 634 in
1196 574 1246 635 ad·

77 676 197 720 versum
225 664 344 719 ventum
372 674 433 716 non
466 654 574 727 latere,
608 654 660 716 sed
688 662 771 716 reeta
798 657 896 718 fronte
924 656 1047 717 direxit:
1083 674 1121 717 ea
1147 664 1247 719 cetera

80 760 170 820 opera
194 741 272 803 velut
294 741 349 803 suh
372 743 435 821 ipsa
463 739 582 801 latentia
604 738 759 799 tuebatur:
787 738 973 801 latitudinem
996 758 1115 820 quoque
1145 744 1247 821 aggeri

79 827 200 895 adiecit,
232 834 265 887 ut
292 833 391 886 turres
418 826 449 884 in
478 823 576 884 medio
606 825 749 884 excitatae
778 822 884 902 procul
911 826 963 885 teli
991 826 1070 885 iaetu
1097 825 1245 887 abessent.

45 911 168 973 9Totas
198 919 298 972 autem
327 908 451 970 arbores
480 925 548 968 cum
583 906 753 984 ingentibus
780 910 871 968 ramis
904 911 935 969 in
963 907 1054 969 altum
1088 908 1246 980 iaciebant,

79 995 187 1056 deinde
208 997 288 1056 saxis
311 992 475 1055 onerabant
496 1008 658 1070 rursusque
681 990 799 1053 cumulo
822 1009 925 1053 eorum
949 992 1021 1053 alias
1043 992 1172 1055 arbores
1192 995 1247 1055 ini-

79 1078 212 1150 ciebant,
240 1090 304 1140 tum
332 1078 442 1138 humus
469 1074 678 1153 aggerabatur:
710 1093 800 1155 super
823 1094 898 1155 quae
921 1076 977 1139 alin
1000 1085 1083 1138 strue
1106 1096 1247 1139 saxorum

78 1162 279 1243 arborumque
302 1159 449 1224 cumulata
471 1158 551 1219 velut
572 1161 700 1236 quodam
714 1177 792 1222 nexu
807 1162 964 1222 continens
982 1180 1058 1241 opus
1073 1164 1244 1223 iunxerant

78 1248 141 1308 Neo
174 1248 269 1326 Tyrii,
307 1244 449 1324 quidquid
477 1243 514 1304 ad
545 1243 752 1322 inpediendam
785 1243 895 1307 molem
928 1248 1090 1324 excogitari
1120 1254 1244 1325 poterat,

30 1346 62 1394 10
80 1332 210 1408 segniter
233 1327 463 1408 exequebantur.
508 1327 702 1407 Praecipuum
725 1327 864 1389 auxillum
888 1338 967 1400 erat,
991 1332 1043 1408 qui
1066 1330 1175 1409 procul
1195 1332 1247 1393 lio·

81 1416 169 1475 stium
194 1422 356 1493 conspeetu
377 1410 518 1473 subibant
537 1429 642 1489 aquam
666 1411 841 1490 occultoque
862 1412 948 1493 lapsu
969 1414 1006 1474 ad
1025 1414 1136 1476 molem
1152 1432 1248 1494 usque

79 1497 292 1576 penetrabant,
316 1495 441 1558 laloibus
464 1495 576 1574 palmas
598 1495 739 1558 arborum
763 1499 959 1559 eminentium
977 1499 1019 1559 ad·
1035 1517 1068 1560 se
1083 1499 1247 1580 trabentes,

80 1600 156 1660 quae
183 1580 234 1641 ubi
262 1588 383 1642 secutae
409 1588 507 1650 eraut,
544 1581 686 1661 pleraque
714 1599 815 1642 seeum
842 1583 873 1642 in
907 1583 1091 1661 profundum
1122 1583 1248 1645 dabant:

79 1674 142 1725 tum
165 1664 275 1728 levatos
297 1683 388 1726 onere
411 1666 528 1744 stipites
549 1674 730 1745 truncosque
758 1664 898 1726 arborum
922 1666 1002 1728 baud
1024 1685 1114 1746 aegre
1142 1667 1248 1731 molie-

80 1749 204 1809 bantur:
235 1749 343 1811 deinde
364 1757 459 1810 totum
481 1768 571 1831 opus,
594 1749 675 1831 quod
697 1749 847 1828 stipitibus
875 1749 973 1813 fuerat
1000 1753 1151 1822 innixum,
1181 1753 1248 1815 lun·

81 1834 219 1894 damento
240 1833 324 1915 lapso
347 1833 535 1913 sequebatur.

30 1938 61 1989 11
164 1920 261 1996 Aegro
283 1919 375 1979 animi
389 1918 559 1979 Alexandro.
572 1936 643 1986 nec,
665 1927 873 1998 perseveraret
888 1936 927 1980 an
941 1917 1052 1989 abiret,
1076 1922 1149 1982 satis
1165 1930 1251 1983 eerto

81 2001 182 2063 elassis
209 2002 306 2083 Cypro
339 2003 456 2063 advenit
489 2003 652 2082 eodemque
684 2009 819 2081 tempore
848 2001 991 2065 Cleander
1021 2020 1090 2064 enm
1126 2005 1250 2067 Graecis

80 2085 224 2149 militibus
244 2091 276 2148 in
298 2089 397 2149 Asiam
420 2104 516 2166 nuper
537 2088 675 2147 advectis.
720 2099 740 2147 c
763 2094 792 2146 et
813 2099 858 2147 xc
881 2088 994 2165 navigia
1016 2090 1048 2149 in
1070 2088 1129 2150 duo
1144 2088 1251 2151 dividit

80 2189 207 2232 cornua:
230 2170 344 2233 laevum
366 2172 562 2250 Pnytagoras,
586 2188 640 2231 rex
655 2170 845 2249 Cypriorum,
869 2190 936 2232 eum
953 2171 1076 2234 Cratero
1096 2172 1250 2243 tuebatur,

80 2353 128 2406 hat
141 2351 226 2406 sehon
243 2349 299 2406 Liv.
312 2350 435 2406 ablativa
452 2367 506 2406 von
518 2350 636 2406 Lander-
723 2352 911 2408 literatius
927 2358 1021 2420 erent,
1035 2354 1091 2411 wie
1109 2359 1132 2413 7.
1147 2360 1189 2412 11.
1203 2361 1250 2422 1s;

64 2480 67 2485 ,
80 2435 178 2474 namen
189 2416 334 2473 bisweilen
346 2416 497 2474 beieedere
506 2419 636 2474 useinen
687 2417 742 2471 biv.
758 2423 780 2474 1.
793 2424 834 2474 35.
847 2425 872 2477 9.
885 2446 919 2458 -
930 2422 1040 2489 tapso.
1064 2423 1123 2478 laba·
1139 2440 1167 2479 u.
1185 2424 1252 2493 lap·

81 2484 256 2554 Compositis,
269 2486 324 2541 wie
335 2485 405 2541 aueb
413 2483 488 2541 Caes.
498 2486 543 2541 bai
551 2501 636 2541 exee-
688 2501 740 2542 eea
752 2502 806 2543 von
816 2486 1054 2545 Schwimmenden
1064 2490 1101 2545 ist
1110 2492 1251 2560 poetiseh.

80 2554 157 2609 dere.
194 2552 282 2609 Ueber
306 2552 430 2608 denaoe.
452 2553 480 2607 in
502 2552 636 2621 gleiehem
687 2581 722 2592 —
754 2554 913 2620 palmas
946 2557 1016 2612 ‘die
1044 2562 1253 2616 aussersteu

80 2619 154 2676 Falla
167 2638 188 2676 s.
202 2620 271 2676 lliul.
285 2618 311 2688 S.
323 2624 356 2672 2⁷
370 2637 435 2676 a.-
446 2623 482 2675 ia
494 2622 565 2677 ude.
579 2636 636 2676 re·
671 2690 673 2694 ,
688 2620 838 2687 Zweige’,
852 2623 939 2677 wleln
949 2623 998 2679 der
1008 2625 1079 2680 auch
1088 2632 1171 2681 sonst
1182 2627 1253 2682 ahu·

79 2688 208 2744 boswie
219 2691 251 2744 in
262 2702 295 2744 eo
304 2693 389 2752 stetu,
399 2704 478 2752 casu,
489 2691 519 2744 in
529 2704 564 2744 ee
573 2705 639 2744 eon·
688 2686 779 2743 lichen
801 2687 886 2745 Stella
912 2690 959 2745 des
980 2690 1082 2756 Livius,
1105 2696 1148 2748 33.
1165 2695 1192 2749 5.
1211 2698 1251 2750 11.

80 2756 193 2818 ditione.
218 2759 249 2811 in
271 2773 330 2823 peu
349 2761 440 2812 ertete
457 2773 484 2812 ιι.
502 2762 525 2812 a.
547 2756 634 2813 Ueber
685 2753 742 2809 Aul
750 2773 777 2821 p.
791 2755 898 2812 bezieht
910 2758 969 2812 sieh
982 2774 1072 2825 quae
1090 2787 1123 2797 -
1142 2767 1255 2818 erant

81 2823 324 2889 reserebaats.
359 2823 498 2888 inl.8.25.
686 2844 719 2865 =
743 2821 862 2879 sobald
886 2823 980 2880 diese
1001 2827 1254 2894 naelrgegebeu

114 2894 138 2944 8.
152 2892 230 2943 noni
242 2893 371 2955 operia.
385 2908 407 2946 s.
424 2889 492 2950 Einl,
511 2890 538 2955 S.
550 2895 583 2944 29
596 2907 633 2952 c.;
685 2889 743 2943 hat
753 2895 809 2944 ten
822 2891 847 2946 d.
859 2891 886 2946 h.
898 2890 1092 2959 abgebroeheu
1103 2894 1171 2950 oder
1185 2896 1253 2952 her·

80 2954 136 3021 vgl.
153 2957 275 3021 tepentis
293 2959 388 3022 operis
404 2958 582 3011 8.10.24.-
599 2960 635 3012 ira
687 2970 861 3024 ausgezogen
878 2975 981 3014 waren.
1003 2987 1036 2996 -
1053 2963 1089 3016 in
1109 2979 1162 3028 pr.
1188 2964 1252 3018 du·

79 3023 151 3077 ado.
165 3023 636 3089 ventum,gegendenleindliehen
687 3022 779 3084 bunt,
793 3024 847 3091 vgl.
860 3027 891 3080 iu
901 3041 1043 3093 praeceps
1055 3029 1126 3083 dari
1136 3028 1182 3084 bei
1191 3030 1253 3087 Liv.

80 3092 228 3155 (entgegen
240 3089 402 3152 wehenden)
420 3088 634 3145 Sudwestwind.
687 3104 713 3145 u.
731 3092 761 3143 in
775 3108 821 3158 pr.
834 3093 950 3149 trabere
967 3093 992 3158 8.
1011 3098 1051 3149 17,
1073 3123 1107 3133 -
1128 3098 1253 3153 molie-

79 3154 633 3222 Anderserzalrltrlrrianltdu)dieSaehe.
685 3155 1252 3230 bantur=movebant,speoiellevelle-

80 3250 114 3260 -
137 3221 363 3277 latitudinem
383 3250 415 3260 -
436 3223 579 3286 adiecit,
605 3240 635 3279 er
685 3221 762 3280 bunt.
795 3226 923 3292 palma,
952 3245 1085 3294 remus,
1116 3234 1250 3299 stipes,

80 3288 247 3344 erhdhtedie
258 3289 363 3350 Brelte;
377 3289 449 3344 alrnl.
458 3291 634 3345 altitudinem
686 3300 830 3349 truncus
843 3294 935 3349 bilden
949 3295 1251 3366 einelleiheniolge.-

80 3358 171 3412 mnris
184 3356 300 3421 addere,
319 3356 454 3435 vegeta.
473 3361 504 3409 19
521 3357 634 3418 lemmar
685 3361 872 3427 stipitibus
889 3364 1031 3425 innixum,
1050 3364 1111 3424 ‘aul
1130 3365 1186 3422 den
1204 3382 1251 3422 er·

80 3427 243 3479 eoeeitere
271 3440 325 3479 von
354 3422 559 3479 Baulrehlenen
588 3425 634 3480 bat
685 3428 817 3482 wuhnten
851 3428 983 3492 Baumen,
1024 3429 1250 3490 Raumstammen

80 3493 167 3547 solron
181 3490 255 3547 Caes.
686 3495 813 3550 rulrend’.

114 3562 138 3612 9.
152 3564 256 3622 totas,
270 3576 291 3613 s.
303 3562 326 3612 2.
341 3562 381 3612 16.
395 3584 426 3594 -·
444 3560 634 3626 apparata·
719 3566 759 3616 11.
773 3567 876 3616 certo.
899 3562 986 3619 Ueber
1004 3563 1057 3619 den
1071 3564 1250 3636 iudinllrag·

80 3630 137 3679 tur
161 3624 263 3679 ‘ward
287 3623 487 3690 anigeldllt,
516 3626 634 3692 aulge·
686 3637 743 3684 satz
761 3627 950 3693 sutrinos
969 3632 1097 3686 lum-
1120 3631 1249 3703 Cypro,

80 3690 220 3747 dllmmt)
247 3692 447 3758 (emerebatur
469 3698 544 3748 ware
567 3711 633 3749 nur:
685 3695 1250 3769 8.14;Cleunder‚3.1.1.-aeaeipia.

80 3757 169 3813 ‘ward
187 3757 423 3824 hinzugesonaut’,
440 3761 493 3827 vgl.
505 3765 530 3817 6,
544 3764 567 3817 5,
580 3763 633 3821 20).
684 3762 757 3818 Naeh
769 3763 829 3817 Arr,
842 3762 940 3819 lamen
953 3768 1002 3817 120
1014 3763 1117 3823 Sehill'e
1129 3784 1181 3824 aus
1195 3769 1249 3838 Cy·

79 3826 475 3883 —velut-iuaoeerant.
501 3828 579 3884 Siun:
593 3829 633 3883 sie
684 3846 754 3898 pern
777 3844 804 3883 u.
829 3830 904 3885 hatte
927 3831 1003 3887 Alex.
1027 3834 1191 3892 ausserdem
1215 3841 1250 3891 80

80 3892 633 3951 braehtenselrliesslielreineniestenllau
684 3896 863 3964 phbnioisehe
879 3915 907 3953 ιι.
925 3902 959 3950 24
975 3897 1077 3956 Sehille
1094 3917 1144 3958 aus
1164 3904 1250 3961 ande·

79 3962 129 4015 mit
153 3961 229 4016 einer
252 3961 302 4015 Art
331 3974 385 4017 von
409 3960 533 4018 Verband
559 3961 638 4027 (Vera
687 3962 1129 4032 renHaienplatzenKleinasiens
1144 3987 1180 4027 zu
1194 3973 1248 4028 sei·

82 4026 355 4095 schlingnngllertig.
368 4027 635 4084 Naohlliodorwur-
686 4046 735 4085 ner
757 4030 926 4100 Verlugung.
958 4033 1047 4090 Ueber
1072 4035 1127 4092 den
1147 4037 1249 4095 Zweelt

81 4093 134 4146 den
146 4087 331 4174 ὑπερμεγέθη
345 4092 453 4162 δένδρα
469 4090 521 4148 οὖν
535 4088 635 4156 αὐτοῖς
686 4097 735 4151 der
753 4096 888 4166 Theilung
904 4099 995 4156 dieser
1011 4099 1104 4158 Flotte
1124 4104 1154 4160 in
1177 4106 1249 4163 zwei

80 4165 141 4219 τοῖς
165 4159 284 4220 alodem
309 4162 348 4216 als
371 4163 552 4218 Sohutzwehr
575 4179 634 4218 vor
687 4163 870 4221 Geselrwader
882 4184 904 4221 s.
914 4170 940 4219 4.
949 4169 1129 4226 6.-Alex.
1143 4173 1247 4230 vehe-

81 4226 140 4280 dem
152 4227 549 4295 Dammeaulgesebiehtet.—
565 4246 633 4285 mo·
684 4230 748 4286 bet.
788 4231 876 4288 Ueber
899 4232 942 4289 die
970 4235 1060 4292 altive
1087 4238 1198 4297 Constr.
1225 4256 1247 4296 s.

79 4293 379 4351 lent=llammbau
684 4295 835 4366 linitus.
