2752 4776
375 228 618 279 ursromnnuu
638 230 844 278 suexswom
866 231 946 279 v1111
952 263 962 298 ‚
985 229 1011 281 e.
1216 217 1275 283 181

100 402 230 464 quaeso,
259 385 318 446 olio
347 385 435 446 modo
464 400 529 447 esse
557 385 630 447 viles
657 385 720 448 tibi.
766 385 959 467 Quocumque
987 388 1125 458 iusseris,
1155 386 1274 452 ibimus.
1295 408 1327 457 ιι

100 469 239 533 Obscura
268 468 401 550 pericula
434 476 464 530 et
494 469 641 547 ignobiles
668 488 783 550 pugnas
816 470 902 532 nobis
929 471 1133 550 deposcimus:
1168 480 1275 534 temet·

100 556 201 635 ipsum
227 554 265 616 ad
287 570 321 615 ea
344 572 445 623 serva,
469 572 544 634 quae
566 556 801 633 magnitudinem
823 562 906 616 tuem
920 558 1051 637 capiunt.
1096 557 1161 619 Cito
1182 556 1277 636 gloria

102 637 265 701 obsolescit
285 640 316 699 in
339 639 469 700 sordidis
497 638 632 700 hostibus
654 656 710 700 uec
732 642 893 719 quicquam
921 640 1071 718 indignius
1099 647 1158 711 est,
1188 660 1277 722 quam

102 726 240 785 consumi
263 740 343 795 eam,
367 723 419 784 ubi
441 738 502 784 non
525 726 619 802 possit
641 724 778 786 ostendi!
821 724 931 786 Eadem
953 725 1017 785 iere
1035 724 1223 788 Ptolomaeus
1247 733 1276 789 et
1294 742 1327 794 15

101 806 213 869 similia
240 806 287 870 his
316 809 417 870 ceteri.
462 808 583 888 lamque
605 808 736 870 confusis
759 809 885 871 vocibus
910 809 1017 870 ilentes
1046 826 1114 871 enm
1140 810 1275 880 orabant,

102 899 137 955 ut
158 891 279 953 tandem
303 893 462 954 exsatiatus
491 892 571 954 laudi
597 894 718 955 modum
746 893 859 955 iaceret
887 912 922 955 ac
948 892 1036 955 saluti
1058 912 1146 965 suae,
1174 895 1204 954 id
1232 903 1277 956 est

55 976 257 1057 republicae,
294 984 442 1056 parceret.
498 978 587 1039 Grata
621 985 685 1038 erat
719 980 784 1056 regi
817 980 911 1058 pietas
944 981 1120 1039 amicorum.
1174 978 1276 1059 ltaque
1296 995 1328 1043 ro

102 1060 240 1140 singulos
265 1060 440 1123 familiarius
468 1061 619 1141 amplexus
643 1063 799 1124 considere
821 1062 913 1125 iubet.
957 1063 1111 1143 ditiusque
1138 1078 1278 1125 sermone
1295 1078 1327 1127 17

99 1147 246 1227 repetito,
282 1145 383 1207 ‘Vobis
413 1146 558 1226 quidem'‚
595 1148 704 1225 inquit,
735 1150 765 1207 ‘o
792 1148 928 1209 fidissimi
955 1149 1141 1228 piissimique
1170 1148 1276 1208 civium

101 1237 195 1311 atque
217 1232 395 1301 amicorum,
421 1239 521 1309 grates
543 1249 599 1309 ago
621 1231 777 1312 habeoque
799 1249 858 1293 non
874 1231 969 1293 solum
988 1242 1023 1292 eo
1039 1233 1173 1301 nomine,
1197 1232 1277 1309 quod

100 1315 193 1377 bodie
222 1313 348 1375 salutem
377 1333 474 1375 meam
504 1324 618 1377 vestrae
647 1317 845 1396 praeponitis,
876 1317 929 1377 sed
956 1316 1035 1396 quod
1059 1335 1075 1377 a
1103 1315 1277 1394 primordiis

100 1398 177 1461 belli
200 1398 313 1460 nullum
339 1417 409 1477 erga
431 1418 479 1460 me
508 1398 725 1463 benivolentiae
752 1403 860 1481 pignus
888 1409 979 1479 atque·
1005 1399 1149 1462 indicium
1177 1402 1279 1462 omisi·

100 1484 174 1555 stis,
205 1482 278 1544 adeo
302 1491 335 1545 ui
357 1484 557 1545 confitendum
585 1486 623 1545 sit
651 1503 811 1565 numquam
839 1485 913 1546 mihi
942 1487 1032 1546 vitam
1054 1502 1151 1546 meam
1184 1484 1277 1546 luisse

99 1574 164 1629 tem
186 1584 301 1638 caram,
325 1584 413 1645 quam
437 1586 502 1629 esse
524 1571 639 1647 coepit,
663 1579 696 1630 ut
717 1570 801 1632 vobis
823 1570 874 1630 diu
896 1569 957 1630 irni
978 1572 1099 1649 possim
1138 1569 1275 1631 Ceterum
1295 1582 1327 1634 18

98 1668 164 1715 non
187 1652 292 1713 eadem
314 1662 359 1714 est
382 1655 520 1730 cogitatio
544 1670 662 1725 eorum,
687 1656 737 1734 qui
758 1672 814 1732 pro
837 1657 983 1715 memori
1006 1662 1123 1734 optant,
1149 1662 1178 1716 et
1199 1672 1275 1724 mea,

100 1740 157 1813 qui
177 1736 299 1816 quidem
322 1737 399 1797 banc
420 1736 650 1799 benivolentiam
665 1748 793 1800 vestram
808 1741 916 1800 virtute
931 1742 1079 1801 meruisse
1096 1757 1144 1800 me
1167 1739 1275 1800 iudico.

98 1820 162 1882 Vos
184 1822 263 1883 enim
291 1821 467 1887 diuturnum
495 1822 626 1883 lructum
659 1840 695 1884 ex
721 1840 785 1892 me,
820 1822 943 1883 forsitan
977 1825 1065 1883 etiarn
1096 1831 1276 1900 perpetuum

99 1907 261 1987 percipere
283 1907 423 1985 cupiatis:
448 1922 503 1984 ego
525 1924 574 1967 me
595 1908 703 1967 metior
719 1926 786 1967 ιιοιι
808 1909 911 1968 aetatis
934 1909 1045 1986 spatio,
1076 1905 1128 1968 sed
1150 1905 1275 1982 gloriae.

101 2070 148 2128 die
163 2070 397 2140 Verentwortung
414 2071 602 2127 tibernehmen
617 2071 667 2127 'irir
718 2087 832 2137 nomen,
851 2073 906 2128 wie
923 2075 947 2127 6.
966 2076 989 2127 6.
1008 2076 1038 2135 b;
1056 2075 1081 2122 6.
1099 2076 1123 2124 9.
1142 2074 1175 2125 18
1191 2088 1218 2127 ιι.
1237 2074 1279 2139 d.;

101 2143 211 2196 etwas’.
232 2166 267 2178 -
285 2139 372 2195 viles
394 2139 485 2206 wieS
508 2144 524 2191 6
547 2140 611 2196 oilie
632 2162 667 2183 =
719 2141 779 2195 dem
793 2139 875 2195 Sinne
888 2140 958 2194 nach
977 2139 1078 2206 gehon
1095 2155 1124 2194 es
1139 2155 1201 2194 zum
1212 2137 1280 2193 Prd-

100 2206 213 2263 nuib'ars
249 2208 324 2263 retii.
352 2205 432 2261 sinn:
450 2207 588 2274 verhdnge
606 2207 666 2263 eine
718 2207 792 2263 dileat
809 2205 973 2274 (degensau
992 2207 1009 2272 S
1029 2209 1061 2257 18
1079 2208 1226 2271 ceterum).
1244 2240 1277 2249 -

101 2274 205 2355 audere
223 2224 312 2330 {truie
333 2273 403 2329 tiber
426 2288 490 2336 uns,
514 2275 590 2339 zeige
612 2290 665 2329 uns
714 2277 877 2354 piissimi.
897 2273 1278 2354 Schonriptoniusbrauchte

100 2341 185 2399 derne
209 2340 385 2408 Veraehtnng
413 2341 495 2404 (viles
522 2357 574 2397 nos
601 2356 666 2397 esse
718 2342 793 2398 drese
806 2341 898 2404 llorrn,
917 2355 1047 2397 wassein
1060 2340 1168 2408 degner
1181 2340 1276 2396 Cicero

99 2409 166 2475 tibi)
183 2408 212 2464 ln
231 2408 347 2466 auderet
365 2409 468 2488 Welse,
487 2407 527 2462 als
545 2409 609 2463 dass
628 2408 665 2464 du
716 2409 819 2466 tadelte
837 2408 966 2532 ffhilipp.
989 2412 1028 2464 13.
1051 2408 1109 2476 43),
1128 2408 1198 2464 nach
1219 2408 1277 2463 ihm

101 2476 149 2533 dle
164 2474 247 2532 llrilie
262 2475 313 2532 der
328 2476 666 2539 bernenrerschmihend,
718 2477 761 2532 die
790 2493 840 2532 nac
861 2475 940 2532 class.
970 2474 1170 2531 Schriitsteller
1198 2492 1221 2531 z.
1247 2475 1276 2532 B.

101 2543 176 2601 allen
200 2542 336 2600 Geiabreu
363 2543 439 2600 dieh
466 2542 577 2600 selbst
601 2560 665 2600 aus·
718 2543 829 2599 Seneca.
852 2570 887 2581 —
908 2549 1028 2610 protes
1051 2560 1072 2598 s.
1095 2548 1119 2598 3.
1137 2547 1161 2597 6,
1185 2545 1226 2599 ii.
1244 2570 1278 2580 -

103 2618 201 2669 setast.

137 2699 180 2751 14.
210 2708 297 2763 quoe
412 2696 570 2761 capiunt,
605 2694 666 2749 eine

101 2764 170 2821 sehr
190 2761 259 2819 ireie
283 2761 488 2819 Construlrtion.
527 2762 575 2818 bie
598 2760 667 2818 Ani·

101 2828 666 2898 denunciet:gewissellniernehmuugen

102 2898 166 2955 sind
184 2912 219 2955 ιιι
236 2897 327 2953 blein
346 2896 392 2952 lrir
409 2897 490 2952 deine
507 2896 616 2960 Grdsse,
636 2912 666 2952 es

101 2964 176 3023 kann
199 2965 259 3020 sich
285 2964 362 3020 disse
383 2964 411 3018 in
439 2963 589 3020 denselben
616 2979 666 3031 ger

101 3033 181 3090 nicht
206 3031 354 3101 geuugend
385 3031 526 3086 entialten.
574 3031 666 3086 Achn-

101 3100 159 3156 lich
177 3103 203 3154 o.
221 3102 305 3162 4.12;
324 3102 348 3156 o.
363 3104 386 3154 1.
401 3102 440 3154 17.
459 3125 493 3135 -
510 3098 665 3154 obsoles-

101 3170 159 3225 cit.
194 3166 254 3234 Vgl.
273 3166 327 3223 Lis.
346 3169 387 3218 21.
405 3169 446 3222 52.
466 3170 481 3218 7
505 3166 563 3221 alin
586 3174 665 3222 veirt-

101 3241 177 3293 stote
209 3232 416 3291 obsoleverunt.
442 3266 476 3276 -
506 3236 542 3289 in
573 3235 665 3291 sord.

100 3302 262 3359 hostibus
279 3322 313 3344 ε
332 3299 517 3368 ‘gegenuben
535 3316 618 3357 wenn
635 3317 664 3357 es

102 3368 162 3426 sich
193 3368 307 3425 handelt
405 3375 473 3424 um'.
513 3368 550 3423 So
574 3367 667 3434 hiufig

101 3437 173 3495 euch
195 3435 240 3491 bei
263 3435 425 3492 Classllrern.
447 3463 482 3472 -
502 3439 666 3491 consumi.

101 3504 162 3573 vei.
180 3506 361 3560 consumitur
378 3503 485 3559 oculte
499 3518 569 3566 usu,
588 3503 665 3559 Orid.

718 2613 903 2672 omisistis,
934 2626 971 2666 sc.
992 2610 1061 2664 mihi
1082 2611 1162 2665 dare.
1184 2636 1217 2646 -
1242 2615 1277 2665 ot

717 2678 959 2746 confitendum
981 2679 1036 2733 sit.
1071 2675 1151 2732 Sine:
1174 2677 1220 2732 nie
1240 2677 1278 2732 lst
1366 2714 1369 2719 -

717 2747 769 2802 mir
785 2746 858 2802 mein
875 2745 966 2801 beben
987 2761 1019 2800 so
1042 2744 1097 2800 viel
1115 2744 1206 2799 worth
1228 2759 1279 2811 ge·

717 2828 812 2869 wesen
838 2811 879 2869 als
902 2829 931 2868 es
953 2812 1007 2867 mir
1024 2810 1168 2881 (wibrend
1186 2811 1279 2866 dieses

717 2880 842 2948 llrieges)
873 2878 1023 2935 wertbvoll
1056 2879 1207 2945 geworden
1240 2879 1279 2934 ist

718 2948 828 3004 durch
846 2946 907 3003 den
925 2948 1086 3010 Wunsch,
1108 2948 1180 3002 noch
1199 2947 1280 3002 recht

716 3015 798 3084 lange
815 3023 898 3071 unior
911 3014 986 3070 lluch
1004 3032 1039 3070 zu
1056 3015 1124 3072 sein.
1159 3015 1212 3071 ller
1223 3013 1279 3069 Ab·

718 3084 863 3139 sicbtssetz
889 3081 990 3138 druiclrt
1015 3083 1045 3137 iu
1070 3091 1158 3138 etwas
1184 3083 1279 3138 harter
1337 3096 1340 3103 ·

717 3150 783 3208 aber
812 3150 1005 3218 grammatisch
1034 3149 1120 3217 rdllig
1151 3150 1279 3216 gerecht·

717 3218 845 3286 lertigter
874 3217 963 3273 lliirze
994 3235 1057 3280 aus,
1091 3234 1196 3273 warum
1230 3216 1278 3272 der

717 3286 807 3354 lionig
841 3285 889 3341 aui
923 3285 966 3340 dle
1000 3284 1153 3351 Erhaltung
1187 3284 1277 3340 selues

718 3353 824 3409 Lebens
836 3353 953 3408 bedacht
968 3353 1014 3407 ist.
1044 3352 1116 3407 Genu
1129 3350 1278 3408 deuselben

719 3420 863 3539 Gedan2lren
891 3419 998 3489 spricht
1024 3418 1099 3475 Alex.
1128 3435 1177 3473 aus
1206 3416 1278 3472 oben

137 3590 180 3645 to.
198 3586 364 3656 confusis
386 3587 540 3648 vocibus,
563 3585 618 3640 wie
640 3591 665 3642 3.

102 3659 144 3712 id.
155 3684 191 3695 -
203 3658 420 3720 sodalicius,
433 3655 477 3710 ein
489 3653 665 3709 livionisches

101 3724 194 3780 Wort.
235 3722 295 3790 vgi.
318 3722 336 3788 8
358 3727 393 3775 23
418 3722 515 3779 leudis
537 3723 666 3777 satietas.

102 3816 137 3829 -
153 3790 267 3855 laudi,
288 3791 341 3844 wie
358 3789 500 3846 mehrlach
521 3789 615 3857 pieria
631 3809 667 3834 =

101 3856 383 3925 liuhmbeglerde.
438 3857 498 3926 Vgl.
533 3856 666 3922 iibrigens

102 3924 159 3980 biv.
178 3930 205 3981 4.
224 3929 267 3981 60.
283 3929 301 3976 4
317 3925 430 3993 modum
446 3927 510 3981 irae
526 3925 636 3993 facere.

137 3996 179 4051 to.
203 3993 313 4049 eitius
339 3996 498 4060 repetito.
537 3992 577 4047 lm
603 3991 666 4047 Fol-

103 4060 214 4128 ssenden
242 4059 319 4116 holt
343 4060 420 4116 Alex.
446 4060 524 4116 nicht
554 4058 665 4115 sowohl

103 4128 186 4183 weit
209 4144 282 4192 aus,
309 4128 350 4184 als
373 4127 436 4183 dass
460 4144 489 4183 er
511 4127 588 4183 scine
609 4128 665 4181 An·

104 4195 184 4251 sicht.
196 4195 349 4263 eingehend
370 4195 502 4252 motivirt.

140 4268 181 4336 ir.
193 4280 328 4346 quidem
340 4279 379 4335 ist
387 4278 516 4336 attrahirt
527 4294 590 4334 vom
598 4276 665 4334 Pro·

758 3608 798 3661 18.
823 3606 880 3671 qui
907 3602 1042 3669 quidem
1152 3602 1278 3660 iudico.

717 3673 769 3727 ller
787 3672 854 3728 Slnn
872 3670 962 3726 dieser
979 3670 1007 3723 in
1026 3669 1079 3725 den
1097 3668 1196 3724 Hdsch.
1216 3685 1279 3724 ver-

718 3739 834 3795 derbten
852 3737 938 3794 Stelle
960 3735 1031 3792 laun
1053 3752 1106 3792 nur
1128 3737 1201 3791 sein:
1224 3735 1279 3800 icb,

718 3807 773 3862 der'
796 3806 841 3861 leh
869 3807 923 3860 mir
950 3803 1076 3860 bewusst
1104 3803 1165 3864 bin,
1196 3802 1279 3860 eben

718 3874 792 3942 (nur)
819 3872 906 3928 durch
934 3871 1028 3927 diesen
1053 3871 1101 3926 des
1120 3868 1210 3926 beben
1231 3884 1279 3938 ge·

717 3942 759 3996 rin
780 3936 1160 3995 achtendenllutheureauio
1181 3936 1279 3994 lernde

715 4009 764 4064 Lie
824 4007 877 4062 mir
898 4006 1045 4061 erworben
1069 4022 1102 4061 zu
1126 3953 1222 4061 haben.
1247 4032 1278 4047 ·-

717 4093 784 4132 non
811 4081 873 4131 nei.
899 4075 1015 4143 spatio
1043 4074 1105 4129 sed
1134 4073 1277 4140 clerice.

716 4145 782 4200 llem
809 4143 892 4199 Sinne
920 4141 990 4197 nach
1024 4139 1121 4207 besagt
1150 4139 1278 4196 dasselbe

719 4209 737 4281 S
756 4216 788 4265 19
806 4227 863 4268 non
880 4224 974 4266 onnes
996 4208 1050 4265 sed
1069 4211 1205 4265 metendos
1223 4224 1278 4264 nro·

717 4294 809 4343 mero;
837 4278 855 4344 8
881 4282 915 4331 22
939 4277 1056 4333 multem
1078 4279 1165 4343 pnes
1194 4290 1279 4343 quom

1320 4472 1337 4504 1
