<?xml version="1.0" encoding="UTF-8"?>
<!DOCTYPE html PUBLIC "-//W3C//DTD XHTML 1.0 Transitional//EN"
    "http://www.w3.org/TR/xhtml1/DTD/xhtml1-transitional.dtd">
<html xmlns="http://www.w3.org/1999/xhtml" xml:lang="en" lang="en">
 <head>
  <title>
</title>
<meta http-equiv="Content-Type" content="text/html;charset=utf-8" />
  <meta name='ocr-system' content='tesseract 3.04.00' />
  <meta name='ocr-capabilities' content='ocr_page ocr_carea ocr_par ocr_line ocrx_word'/>
</head>
<body>
  <div class='ocr_page' id='page_1' title='image "./qcurtirufihisto00rufugoog_0249.png"; bbox 0 0 2752 4776; ppageno 0'>
   <div class='ocr_carea' id='block_1_1' title="bbox 116 240 823 317">
    <p class='ocr_par' dir='ltr' id='par_1_1' title="bbox 116 240 823 317">
     <span class='ocr_line' id='line_1_1' title="bbox 116 240 823 317; baseline -0.006 -12"><span class='ocrx_word' id='word_1_1' title='bbox 116 240 158 306; x_wconf 83' lang='lat'>32</span> <span class='ocrx_word' id='word_1_2' title='bbox 562 257 596 317; x_wconf 73' lang='lat' dir='ltr'>u.</span> <span class='ocrx_word' id='word_1_3' title='bbox 619 255 721 303; x_wconf 78' lang='lat' dir='ltr'>curcur</span> <span class='ocrx_word' id='word_1_4' title='bbox 743 255 823 303; x_wconf 82' lang='lat' dir='ltr'>nuru</span> 
     </span>
    </p>
   </div>
   <div class='ocr_carea' id='block_1_2' title="bbox 65 409 1295 2179">
    <p class='ocr_par' dir='ltr' id='par_1_2' title="bbox 65 409 1295 2179">
     <span class='ocr_line' id='line_1_2' title="bbox 116 409 1270 491; baseline 0.003 -20"><span class='ocrx_word' id='word_1_5' title='bbox 116 428 176 471; x_wconf 94' lang='lat' dir='ltr'>non</span> <span class='ocrx_word' id='word_1_6' title='bbox 198 413 304 472; x_wconf 86' lang='lat' dir='ltr'>luisset</span> <span class='ocrx_word' id='word_1_7' title='bbox 326 411 382 471; x_wconf 87' lang='lat' dir='ltr'>nisi</span> <span class='ocrx_word' id='word_1_8' title='bbox 403 417 505 472; x_wconf 80' lang='lat' dir='ltr'>auctor</span> <span class='ocrx_word' id='word_1_9' title='bbox 527 417 577 471; x_wconf 89' lang='lat' dir='ltr'>aut</span> <span class='ocrx_word' id='word_1_10' title='bbox 598 414 758 491; x_wconf 83' lang='lat' dir='ltr'>particeps.</span> <span class='ocrx_word' id='word_1_11' title='bbox 803 410 897 482; x_wconf 85' lang='lat' dir='ltr'>Quem</span> <span class='ocrx_word' id='word_1_12' title='bbox 925 410 1004 473; x_wconf 91' lang='lat' dir='ltr'>enim</span> <span class='ocrx_word' id='word_1_13' title='bbox 1026 412 1111 490; x_wconf 90' lang='lat' dir='ltr'>pium</span> <span class='ocrx_word' id='word_1_14' title='bbox 1134 418 1164 472; x_wconf 91' lang='lat' dir='ltr'>et</span> <span class='ocrx_word' id='word_1_15' title='bbox 1184 409 1270 475; x_wconf 84' lang='lat' dir='ltr'>bonae</span> 
     </span>
     <span class='ocr_line' id='line_1_3' title="bbox 116 494 1271 577; baseline 0.003 -22"><span class='ocrx_word' id='word_1_16' title='bbox 116 498 232 565; x_wconf 88' lang='lat' dir='ltr'>mentis,</span> <span class='ocrx_word' id='word_1_17' title='bbox 256 514 314 556; x_wconf 94' lang='lat' dir='ltr'>non</span> <span class='ocrx_word' id='word_1_18' title='bbox 337 495 465 557; x_wconf 88' lang='lat' dir='ltr'>amicum</span> <span class='ocrx_word' id='word_1_19' title='bbox 487 494 590 566; x_wconf 90' lang='lat' dir='ltr'>modo,</span> <span class='ocrx_word' id='word_1_20' title='bbox 615 494 666 556; x_wconf 89' lang='lat' dir='ltr'>sed</span> <span class='ocrx_word' id='word_1_21' title='bbox 692 515 728 556; x_wconf 84' lang='lat' dir='ltr'>ex</span> <span class='ocrx_word' id='word_1_22' title='bbox 749 494 851 556; x_wconf 92' lang='lat' dir='ltr'>ultima</span> <span class='ocrx_word' id='word_1_23' title='bbox 874 494 974 575; x_wconf 88' lang='lat' dir='ltr'>plebe,</span> <span class='ocrx_word' id='word_1_24' title='bbox 997 495 1121 565; x_wconf 75' lang='lat' dir='ltr'>auditiS,</span> <span class='ocrx_word' id='word_1_25' title='bbox 1146 514 1220 577; x_wconf 90' lang='lat' dir='ltr'>quae</span> <span class='ocrx_word' id='word_1_26' title='bbox 1240 498 1271 559; x_wconf 85' lang='lat' dir='ltr'>ul</span> 
     </span>
     <span class='ocr_line' id='line_1_4' title="bbox 67 579 1272 659; baseline 0.007 -22"><span class='ocrx_word' id='word_1_27' title='bbox 67 590 97 637; x_wconf 86' lang='lat'>11</span> <span class='ocrx_word' id='word_1_28' title='bbox 118 599 184 641; x_wconf 91' lang='lat' dir='ltr'>eum</span> <span class='ocrx_word' id='word_1_29' title='bbox 213 579 307 640; x_wconf 92' lang='lat' dir='ltr'>delata</span> <span class='ocrx_word' id='word_1_30' title='bbox 336 585 435 655; x_wconf 88' lang='lat' dir='ltr'>erant,</span> <span class='ocrx_word' id='word_1_31' title='bbox 464 596 524 641; x_wconf 91' lang='lat' dir='ltr'>non</span> <span class='ocrx_word' id='word_1_32' title='bbox 552 581 688 657; x_wconf 85' lang='lat' dir='ltr'>protinus</span> <span class='ocrx_word' id='word_1_33' title='bbox 715 580 751 639; x_wconf 91' lang='lat' dir='ltr'>ad</span> <span class='ocrx_word' id='word_1_34' title='bbox 780 597 880 659; x_wconf 83' lang='lat' dir='ltr'>regern</span> <span class='ocrx_word' id='word_1_35' title='bbox 909 581 1000 641; x_wconf 85' lang='lat' dir='ltr'>luisse</span> <span class='ocrx_word' id='word_1_36' title='bbox 1029 582 1209 642; x_wconf 68' lang='lat' dir='ltr'>cursurum!</span> <span class='ocrx_word' id='word_1_37' title='bbox 1238 600 1272 645; x_wconf 88' lang='lat' dir='ltr'>nc</span> 
     </span>
     <span class='ocr_line' id='line_1_5' title="bbox 117 663 1270 745; baseline 0.002 -20"><span class='ocrx_word' id='word_1_38' title='bbox 117 663 250 725; x_wconf 85' lang='lat' dir='ltr'>Cebalini</span> <span class='ocrx_word' id='word_1_39' title='bbox 271 664 390 745; x_wconf 90' lang='lat' dir='ltr'>quidem</span> <span class='ocrx_word' id='word_1_40' title='bbox 413 663 562 745; x_wconf 85' lang='lat' dir='ltr'>exemplo,</span> <span class='ocrx_word' id='word_1_41' title='bbox 592 666 643 742; x_wconf 94' lang='lat' dir='ltr'>qui</span> <span class='ocrx_word' id='word_1_42' title='bbox 670 683 705 725; x_wconf 85' lang='lat' dir='ltr'>ex</span> <span class='ocrx_word' id='word_1_43' title='bbox 732 664 825 724; x_wconf 86' lang='lat' dir='ltr'>fratre</span> <span class='ocrx_word' id='word_1_44' title='bbox 853 674 994 744; x_wconf 87' lang='lat' dir='ltr'>conperta</span> <span class='ocrx_word' id='word_1_45' title='bbox 1021 667 1082 743; x_wconf 92' lang='lat' dir='ltr'>ipsi</span> <span class='ocrx_word' id='word_1_46' title='bbox 1105 666 1270 737; x_wconf 85' lang='lat' dir='ltr'>nuntiasset,</span> 
     </span>
     <span class='ocr_line' id='line_1_6' title="bbox 115 748 1272 831; baseline 0.001 -21"><span class='ocrx_word' id='word_1_47' title='bbox 115 749 319 810; x_wconf 80' lang='lat' dir='ltr'>Parmenionis</span> <span class='ocrx_word' id='word_1_48' title='bbox 340 748 441 817; x_wconf 88' lang='lat' dir='ltr'>lilium,</span> <span class='ocrx_word' id='word_1_49' title='bbox 465 748 648 829; x_wconf 88' lang='lat' dir='ltr'>praelectum</span> <span class='ocrx_word' id='word_1_50' title='bbox 672 750 828 827; x_wconf 76' lang='lat' dir='ltr'>equitatus</span> <span class='ocrx_word' id='word_1_51' title='bbox 853 751 985 810; x_wconf 88' lang='lat' dir='ltr'>omnium</span> <span class='ocrx_word' id='word_1_52' title='bbox 1007 752 1272 831; x_wconf 75' lang='lat' dir='ltr'>arcanorumrepu</span> 
     </span>
     <span class='ocr_line' id='line_1_7' title="bbox 117 832 1270 913; baseline 0.002 -19"><span class='ocrx_word' id='word_1_53' title='bbox 117 832 278 895; x_wconf 89' lang='lat' dir='ltr'>arbitrum!</span> <span class='ocrx_word' id='word_1_54' title='bbox 312 832 464 896; x_wconf 89' lang='lat' dir='ltr'>simulasse</span> <span class='ocrx_word' id='word_1_55' title='bbox 494 834 596 903; x_wconf 89' lang='lat' dir='ltr'>etiam,</span> <span class='ocrx_word' id='word_1_56' title='bbox 627 851 688 894; x_wconf 91' lang='lat' dir='ltr'>non</span> <span class='ocrx_word' id='word_1_57' title='bbox 717 850 836 895; x_wconf 84' lang='lat' dir='ltr'>vacasse</span> <span class='ocrx_word' id='word_1_58' title='bbox 864 836 994 894; x_wconf 89' lang='lat' dir='ltr'>sermoni</span> <span class='ocrx_word' id='word_1_59' title='bbox 1016 852 1072 894; x_wconf 92' lang='lat' dir='ltr'>suo</span> <span class='ocrx_word' id='word_1_60' title='bbox 1095 850 1211 913; x_wconf 84' lang='lat' dir='ltr'>regem,</span> <span class='ocrx_word' id='word_1_61' title='bbox 1235 852 1270 897; x_wconf 87' lang='lat' dir='ltr'>na</span> 
     </span>
     <span class='ocr_line' id='line_1_8' title="bbox 65 916 1266 999; baseline 0.007 -26"><span class='ocrx_word' id='word_1_62' title='bbox 65 926 99 974; x_wconf 81' lang='lat'>12</span> <span class='ocrx_word' id='word_1_63' title='bbox 116 917 205 979; x_wconf 83' lang='lat' dir='ltr'>index</span> <span class='ocrx_word' id='word_1_64' title='bbox 227 916 315 979; x_wconf 90' lang='lat' dir='ltr'>alium</span> <span class='ocrx_word' id='word_1_65' title='bbox 343 919 557 980; x_wconf 89' lang='lat' dir='ltr'>internuntium</span> <span class='ocrx_word' id='word_1_66' title='bbox 585 927 752 996; x_wconf 88' lang='lat' dir='ltr'>quaereret.</span> <span class='ocrx_word' id='word_1_67' title='bbox 796 917 1007 980; x_wconf 80' lang='lat' dir='ltr'>Nicomachum</span> <span class='ocrx_word' id='word_1_68' title='bbox 1038 918 1183 996; x_wconf 84' lang='lat' dir='ltr'>religione</span> <span class='ocrx_word' id='word_1_69' title='bbox 1201 937 1266 999; x_wconf 95' lang='lat' dir='ltr'>quo·</span> 
     </span>
     <span class='ocr_line' id='line_1_9' title="bbox 116 1002 1263 1083; baseline 0.002 -20"><span class='ocrx_word' id='word_1_70' title='bbox 116 1020 175 1081; x_wconf 90' lang='lat' dir='ltr'>que</span> <span class='ocrx_word' id='word_1_71' title='bbox 204 1002 291 1063; x_wconf 91' lang='lat' dir='ltr'>deum</span> <span class='ocrx_word' id='word_1_72' title='bbox 320 1002 493 1064; x_wconf 87' lang='lat' dir='ltr'>adstrictum</span> <span class='ocrx_word' id='word_1_73' title='bbox 524 1004 735 1064; x_wconf 86' lang='lat' dir='ltr'>conscientiam</span> <span class='ocrx_word' id='word_1_74' title='bbox 770 1021 854 1064; x_wconf 91' lang='lat' dir='ltr'>suam</span> <span class='ocrx_word' id='word_1_75' title='bbox 885 1019 1050 1063; x_wconf 84' lang='lat' dir='ltr'>exonerare</span> <span class='ocrx_word' id='word_1_76' title='bbox 1086 1020 1263 1083; x_wconf 63' lang='lat' dir='ltr'>propense:</span> 
     </span>
     <span class='ocr_line' id='line_1_10' title="bbox 116 1085 1264 1167; baseline 0.001 -19"><span class='ocrx_word' id='word_1_77' title='bbox 116 1085 261 1148; x_wconf 84' lang='lat' dir='ltr'>Philotam</span> <span class='ocrx_word' id='word_1_78' title='bbox 284 1095 459 1167; x_wconf 91' lang='lat' dir='ltr'>consumpto</span> <span class='ocrx_word' id='word_1_79' title='bbox 481 1105 536 1165; x_wconf 92' lang='lat' dir='ltr'>per</span> <span class='ocrx_word' id='word_1_80' title='bbox 556 1085 660 1149; x_wconf 92' lang='lat' dir='ltr'>ludum</span> <span class='ocrx_word' id='word_1_81' title='bbox 681 1089 838 1167; x_wconf 86' lang='lat' dir='ltr'>iocumque</span> <span class='ocrx_word' id='word_1_82' title='bbox 860 1105 955 1166; x_wconf 91' lang='lat' dir='ltr'>paene</span> <span class='ocrx_word' id='word_1_83' title='bbox 969 1094 1032 1148; x_wconf 85' lang='lat' dir='ltr'>toto</span> <span class='ocrx_word' id='word_1_84' title='bbox 1056 1086 1107 1147; x_wconf 87' lang='lat' dir='ltr'>die</span> <span class='ocrx_word' id='word_1_85' title='bbox 1131 1094 1264 1166; x_wconf 70' lang='lat' dir='ltr'>gramm</span> 
     </span>
     <span class='ocr_line' id='line_1_11' title="bbox 117 1170 1267 1252; baseline 0.003 -20"><span class='ocrx_word' id='word_1_86' title='bbox 117 1189 182 1233; x_wconf 89' lang='lat' dir='ltr'>esse</span> <span class='ocrx_word' id='word_1_87' title='bbox 203 1188 296 1249; x_wconf 91' lang='lat' dir='ltr'>pauca</span> <span class='ocrx_word' id='word_1_88' title='bbox 319 1170 408 1232; x_wconf 89' lang='lat' dir='ltr'>verba</span> <span class='ocrx_word' id='word_1_89' title='bbox 430 1173 609 1252; x_wconf 78' lang='lat' dir='ltr'>pertinentia</span> <span class='ocrx_word' id='word_1_90' title='bbox 631 1172 667 1232; x_wconf 92' lang='lat' dir='ltr'>ad</span> <span class='ocrx_word' id='word_1_91' title='bbox 690 1179 779 1251; x_wconf 87' lang='lat' dir='ltr'>caput</span> <span class='ocrx_word' id='word_1_92' title='bbox 799 1173 879 1250; x_wconf 79' lang='lat' dir='ltr'>regis</span> <span class='ocrx_word' id='word_1_93' title='bbox 909 1179 970 1233; x_wconf 92' lang='lat' dir='ltr'>tam</span> <span class='ocrx_word' id='word_1_94' title='bbox 992 1171 1082 1251; x_wconf 85' lang='lat' dir='ltr'>longo</span> <span class='ocrx_word' id='word_1_95' title='bbox 1108 1179 1139 1233; x_wconf 92' lang='lat' dir='ltr'>et</span> <span class='ocrx_word' id='word_1_96' title='bbox 1160 1171 1267 1235; x_wconf 77' lang='lat' dir='ltr'>forsitan</span> 
     </span>
     <span class='ocr_line' id='line_1_12' title="bbox 66 1255 1268 1336; baseline 0.006 -25"><span class='ocrx_word' id='word_1_97' title='bbox 66 1263 98 1314; x_wconf 81' lang='lat'>13</span> <span class='ocrx_word' id='word_1_98' title='bbox 117 1274 299 1336; x_wconf 89' lang='lat' dir='ltr'>supervacuo</span> <span class='ocrx_word' id='word_1_99' title='bbox 321 1257 454 1317; x_wconf 88' lang='lat' dir='ltr'>inserere</span> <span class='ocrx_word' id='word_1_100' title='bbox 476 1257 614 1317; x_wconf 90' lang='lat' dir='ltr'>sermoni.</span> <span class='ocrx_word' id='word_1_101' title='bbox 658 1256 694 1316; x_wconf 84' lang='lat' dir='ltr'>tt</span> <span class='ocrx_word' id='word_1_102' title='bbox 716 1259 796 1317; x_wconf 92' lang='lat' dir='ltr'>enim</span> <span class='ocrx_word' id='word_1_103' title='bbox 818 1273 849 1316; x_wconf 92' lang='lat' dir='ltr'>se</span> <span class='ocrx_word' id='word_1_104' title='bbox 871 1273 931 1317; x_wconf 93' lang='lat' dir='ltr'>non</span> <span class='ocrx_word' id='word_1_105' title='bbox 954 1255 1119 1317; x_wconf 87' lang='lat' dir='ltr'>credidisse</span> <span class='ocrx_word' id='word_1_106' title='bbox 1140 1256 1208 1318; x_wconf 85' lang='lat' dir='ltr'>talia</span> <span class='ocrx_word' id='word_1_107' title='bbox 1225 1255 1268 1319; x_wconf 82' lang='lat' dir='ltr'>de·</span> 
     </span>
     <span class='ocr_line' id='line_1_13' title="bbox 115 1339 1269 1420; baseline 0.003 -20"><span class='ocrx_word' id='word_1_108' title='bbox 115 1339 281 1402; x_wconf 84' lang='lat' dir='ltr'>ferentibus</span> <span class='ocrx_word' id='word_1_109' title='bbox 302 1341 417 1417; x_wconf 89' lang='lat' dir='ltr'>pueris!</span> <span class='ocrx_word' id='word_1_110' title='bbox 462 1340 520 1401; x_wconf 87' lang='lat' dir='ltr'>Cur</span> <span class='ocrx_word' id='word_1_111' title='bbox 542 1342 631 1418; x_wconf 82' lang='lat' dir='ltr'>igitur</span> <span class='ocrx_word' id='word_1_112' title='bbox 652 1344 829 1402; x_wconf 84' lang='lat' dir='ltr'>extraxisset</span> <span class='ocrx_word' id='word_1_113' title='bbox 850 1339 981 1410; x_wconf 90' lang='lat' dir='ltr'>biduum,</span> <span class='ocrx_word' id='word_1_114' title='bbox 1005 1349 1160 1420; x_wconf 90' lang='lat' dir='ltr'>tamquam</span> <span class='ocrx_word' id='word_1_115' title='bbox 1173 1340 1269 1403; x_wconf 87' lang='lat' dir='ltr'>iudicio</span> 
     </span>
     <span class='ocr_line' id='line_1_14' title="bbox 116 1423 1269 1496; baseline 0.003 -13"><span class='ocrx_word' id='word_1_116' title='bbox 116 1424 241 1485; x_wconf 84' lang='lat' dir='ltr'>baberet</span> <span class='ocrx_word' id='word_1_117' title='bbox 262 1424 367 1485; x_wconf 76' lang='lat' dir='ltr'>tidem?</span> <span class='ocrx_word' id='word_1_118' title='bbox 410 1424 617 1486; x_wconf 84' lang='lat' dir='ltr'>dimittendum</span> <span class='ocrx_word' id='word_1_119' title='bbox 638 1425 727 1485; x_wconf 85' lang='lat' dir='ltr'>luisse</span> <span class='ocrx_word' id='word_1_120' title='bbox 749 1423 936 1496; x_wconf 84' lang='lat' dir='ltr'>Cebalinum,</span> <span class='ocrx_word' id='word_1_121' title='bbox 964 1427 989 1486; x_wconf 94' lang='lat' dir='ltr'>si</span> <span class='ocrx_word' id='word_1_122' title='bbox 1012 1423 1193 1487; x_wconf 89' lang='lat' dir='ltr'>delationem</span> <span class='ocrx_word' id='word_1_123' title='bbox 1214 1426 1269 1487; x_wconf 85' lang='lat' dir='ltr'>eius</span> 
     </span>
     <span class='ocr_line' id='line_1_15' title="bbox 66 1508 1267 1589; baseline 0.006 -25"><span class='ocrx_word' id='word_1_124' title='bbox 66 1517 99 1565; x_wconf 86' lang='lat'>14</span> <span class='ocrx_word' id='word_1_125' title='bbox 118 1508 283 1569; x_wconf 90' lang='lat' dir='ltr'>damnabat.</span> <span class='ocrx_word' id='word_1_126' title='bbox 327 1509 363 1569; x_wconf 92' lang='lat' dir='ltr'>ln</span> <span class='ocrx_word' id='word_1_127' title='bbox 392 1527 446 1570; x_wconf 91' lang='lat' dir='ltr'>suo</span> <span class='ocrx_word' id='word_1_128' title='bbox 480 1527 627 1588; x_wconf 88' lang='lat' dir='ltr'>quemque</span> <span class='ocrx_word' id='word_1_129' title='bbox 659 1508 790 1589; x_wconf 90' lang='lat' dir='ltr'>periculo</span> <span class='ocrx_word' id='word_1_130' title='bbox 818 1527 957 1588; x_wconf 82' lang='lat' dir='ltr'>maguum</span> <span class='ocrx_word' id='word_1_131' title='bbox 991 1512 1129 1571; x_wconf 89' lang='lat' dir='ltr'>animum</span> <span class='ocrx_word' id='word_1_132' title='bbox 1159 1508 1267 1581; x_wconf 87' lang='lat' dir='ltr'>babere,</span> 
     </span>
     <span class='ocr_line' id='line_1_16' title="bbox 117 1591 1268 1675; baseline 0.002 -21"><span class='ocrx_word' id='word_1_133' title='bbox 117 1611 184 1654; x_wconf 91' lang='lat' dir='ltr'>cum</span> <span class='ocrx_word' id='word_1_134' title='bbox 207 1592 243 1653; x_wconf 89' lang='lat' dir='ltr'>de</span> <span class='ocrx_word' id='word_1_135' title='bbox 265 1591 359 1654; x_wconf 90' lang='lat' dir='ltr'>salute</span> <span class='ocrx_word' id='word_1_136' title='bbox 380 1593 458 1671; x_wconf 82' lang='lat' dir='ltr'>regis</span> <span class='ocrx_word' id='word_1_137' title='bbox 479 1595 643 1665; x_wconf 89' lang='lat' dir='ltr'>timeretur,</span> <span class='ocrx_word' id='word_1_138' title='bbox 667 1593 804 1656; x_wconf 89' lang='lat' dir='ltr'>credulos</span> <span class='ocrx_word' id='word_1_139' title='bbox 827 1612 891 1655; x_wconf 86' lang='lat' dir='ltr'>esse</span> <span class='ocrx_word' id='word_1_140' title='bbox 914 1594 1039 1663; x_wconf 86' lang='lat' dir='ltr'>debere,</span> <span class='ocrx_word' id='word_1_141' title='bbox 1065 1612 1142 1656; x_wconf 86' lang='lat' dir='ltr'>vana</span> <span class='ocrx_word' id='word_1_142' title='bbox 1163 1612 1268 1675; x_wconf 85' lang='lat' dir='ltr'>quoquc</span> 
     </span>
     <span class='ocr_line' id='line_1_17' title="bbox 67 1676 1295 1760; baseline 0.007 -27"><span class='ocrx_word' id='word_1_143' title='bbox 67 1684 100 1734; x_wconf 79' lang='lat'>15</span> <span class='ocrx_word' id='word_1_144' title='bbox 118 1676 285 1738; x_wconf 86' lang='lat' dir='ltr'>deferentes</span> <span class='ocrx_word' id='word_1_145' title='bbox 307 1677 473 1740; x_wconf 84' lang='lat' dir='ltr'>admittere.</span> <span class='ocrx_word' id='word_1_146' title='bbox 518 1677 628 1739; x_wconf 88' lang='lat' dir='ltr'>Omnes</span> <span class='ocrx_word' id='word_1_147' title='bbox 650 1681 740 1757; x_wconf 86' lang='lat' dir='ltr'>igitur</span> <span class='ocrx_word' id='word_1_148' title='bbox 766 1680 966 1759; x_wconf 85' lang='lat' dir='ltr'>quaestionem</span> <span class='ocrx_word' id='word_1_149' title='bbox 990 1679 1027 1740; x_wconf 89' lang='lat' dir='ltr'>de</span> <span class='ocrx_word' id='word_1_150' title='bbox 1049 1698 1100 1750; x_wconf 87' lang='lat' dir='ltr'>eo,</span> <span class='ocrx_word' id='word_1_151' title='bbox 1130 1686 1164 1741; x_wconf 87' lang='lat' dir='ltr'>ut</span> <span class='ocrx_word' id='word_1_152' title='bbox 1187 1680 1265 1760; x_wconf 86' lang='lat' dir='ltr'>parti·</span> <span class='ocrx_word' id='word_1_153' title='bbox 1292 1752 1295 1757; x_wconf 27' lang='lat'>¹</span> 
     </span>
     <span class='ocr_line' id='line_1_18' title="bbox 117 1758 1282 1841; baseline 0.002 -18"><span class='ocrx_word' id='word_1_154' title='bbox 117 1763 198 1841; x_wconf 91' lang='lat' dir='ltr'>cipes</span> <span class='ocrx_word' id='word_1_155' title='bbox 220 1761 341 1825; x_wconf 89' lang='lat' dir='ltr'>sceleris</span> <span class='ocrx_word' id='word_1_156' title='bbox 362 1762 493 1823; x_wconf 88' lang='lat' dir='ltr'>indicare</span> <span class='ocrx_word' id='word_1_157' title='bbox 515 1771 686 1841; x_wconf 84' lang='lat' dir='ltr'>cogeretur,</span> <span class='ocrx_word' id='word_1_158' title='bbox 716 1762 882 1824; x_wconf 84' lang='lat' dir='ltr'>babendum</span> <span class='ocrx_word' id='word_1_159' title='bbox 910 1781 973 1824; x_wconf 85' lang='lat' dir='ltr'>asse</span> <span class='ocrx_word' id='word_1_160' title='bbox 998 1763 1174 1826; x_wconf 91' lang='lat' dir='ltr'>decernunt.</span> <span class='ocrx_word' id='word_1_161' title='bbox 1210 1758 1282 1825; x_wconf 75' lang='lat' dir='ltr'>ilerd</span> 
     </span>
     <span class='ocr_line' id='line_1_19' title="bbox 116 1846 1261 1927; baseline -0.001 -19"><span class='ocrx_word' id='word_1_162' title='bbox 116 1846 297 1917; x_wconf 87' lang='lat' dir='ltr'>admonitos,</span> <span class='ocrx_word' id='word_1_163' title='bbox 326 1854 358 1908; x_wconf 93' lang='lat' dir='ltr'>ut</span> <span class='ocrx_word' id='word_1_164' title='bbox 380 1846 535 1909; x_wconf 91' lang='lat' dir='ltr'>consilium</span> <span class='ocrx_word' id='word_1_165' title='bbox 557 1847 675 1908; x_wconf 89' lang='lat' dir='ltr'>silentio</span> <span class='ocrx_word' id='word_1_166' title='bbox 697 1856 883 1927; x_wconf 85' lang='lat' dir='ltr'>premerent,</span> <span class='ocrx_word' id='word_1_167' title='bbox 914 1848 1044 1910; x_wconf 86' lang='lat' dir='ltr'>dimittit.</span> <span class='ocrx_word' id='word_1_168' title='bbox 1088 1848 1261 1910; x_wconf 77' lang='lat' dir='ltr'>Pronuntiari</span> 
     </span>
     <span class='ocr_line' id='line_1_20' title="bbox 67 1931 1263 2013; baseline 0 -22"><span class='ocrx_word' id='word_1_169' title='bbox 67 2002 69 2007; x_wconf 23' lang='lat'><strong>¹</strong></span> <span class='ocrx_word' id='word_1_170' title='bbox 117 1931 224 1993; x_wconf 89' lang='lat' dir='ltr'>deinde</span> <span class='ocrx_word' id='word_1_171' title='bbox 251 1935 309 1993; x_wconf 87' lang='lat' dir='ltr'>iter</span> <span class='ocrx_word' id='word_1_172' title='bbox 334 1935 366 1992; x_wconf 94' lang='lat' dir='ltr'>in</span> <span class='ocrx_word' id='word_1_173' title='bbox 395 1939 546 2012; x_wconf 89' lang='lat' dir='ltr'>posterum</span> <span class='ocrx_word' id='word_1_174' title='bbox 574 1931 670 2001; x_wconf 91' lang='lat' dir='ltr'>iubet,</span> <span class='ocrx_word' id='word_1_175' title='bbox 700 1949 738 1993; x_wconf 92' lang='lat' dir='ltr'>ne</span> <span class='ocrx_word' id='word_1_176' title='bbox 766 1951 822 2013; x_wconf 94' lang='lat' dir='ltr'>qua</span> <span class='ocrx_word' id='word_1_177' title='bbox 844 1933 912 1992; x_wconf 84' lang='lat' dir='ltr'>novi</span> <span class='ocrx_word' id='word_1_178' title='bbox 933 1933 998 1993; x_wconf 90' lang='lat' dir='ltr'>initi</span> <span class='ocrx_word' id='word_1_179' title='bbox 1020 1933 1139 1993; x_wconf 87' lang='lat' dir='ltr'>consilii</span> <span class='ocrx_word' id='word_1_180' title='bbox 1160 1932 1263 1993; x_wconf 83' lang='lat' dir='ltr'>duretur</span> 
     </span>
     <span class='ocr_line' id='line_1_21' title="bbox 67 2016 1264 2096; baseline 0.004 -24"><span class='ocrx_word' id='word_1_181' title='bbox 67 2024 99 2074; x_wconf 79' lang='lat'>16</span> <span class='ocrx_word' id='word_1_182' title='bbox 115 2022 193 2077; x_wconf 91' lang='lat' dir='ltr'>nota.</span> <span class='ocrx_word' id='word_1_183' title='bbox 235 2017 376 2079; x_wconf 88' lang='lat' dir='ltr'>Invitatus</span> <span class='ocrx_word' id='word_1_184' title='bbox 406 2024 450 2079; x_wconf 88' lang='lat' dir='ltr'>est</span> <span class='ocrx_word' id='word_1_185' title='bbox 477 2018 564 2078; x_wconf 89' lang='lat' dir='ltr'>etiam</span> <span class='ocrx_word' id='word_1_186' title='bbox 591 2016 718 2078; x_wconf 89' lang='lat' dir='ltr'>Philotas</span> <span class='ocrx_word' id='word_1_187' title='bbox 745 2017 781 2077; x_wconf 92' lang='lat' dir='ltr'>ad</span> <span class='ocrx_word' id='word_1_188' title='bbox 803 2016 919 2078; x_wconf 91' lang='lat' dir='ltr'>ultimas</span> <span class='ocrx_word' id='word_1_189' title='bbox 941 2018 1000 2095; x_wconf 94' lang='lat' dir='ltr'>ipsi</span> <span class='ocrx_word' id='word_1_190' title='bbox 1028 2016 1142 2096; x_wconf 89' lang='lat' dir='ltr'>epulas,</span> <span class='ocrx_word' id='word_1_191' title='bbox 1171 2024 1201 2078; x_wconf 88' lang='lat' dir='ltr'>et</span> <span class='ocrx_word' id='word_1_192' title='bbox 1222 2032 1264 2077; x_wconf 83' lang='lat' dir='ltr'>rex</span> 
     </span>
     <span class='ocr_line' id='line_1_22' title="bbox 117 2100 1264 2179; baseline 0.002 -18"><span class='ocrx_word' id='word_1_193' title='bbox 117 2119 176 2162; x_wconf 91' lang='lat' dir='ltr'>non</span> <span class='ocrx_word' id='word_1_194' title='bbox 199 2119 324 2163; x_wconf 88' lang='lat' dir='ltr'>coenare</span> <span class='ocrx_word' id='word_1_195' title='bbox 348 2101 450 2172; x_wconf 90' lang='lat' dir='ltr'>modo,</span> <span class='ocrx_word' id='word_1_196' title='bbox 475 2100 527 2162; x_wconf 87' lang='lat' dir='ltr'>sed</span> <span class='ocrx_word' id='word_1_197' title='bbox 550 2103 636 2162; x_wconf 87' lang='lat' dir='ltr'>etiam</span> <span class='ocrx_word' id='word_1_198' title='bbox 658 2101 842 2163; x_wconf 84' lang='lat' dir='ltr'>familiariter</span> <span class='ocrx_word' id='word_1_199' title='bbox 864 2101 1002 2179; x_wconf 90' lang='lat' dir='ltr'>conloqui</span> <span class='ocrx_word' id='word_1_200' title='bbox 1024 2119 1093 2163; x_wconf 92' lang='lat' dir='ltr'>curn</span> <span class='ocrx_word' id='word_1_201' title='bbox 1116 2119 1167 2173; x_wconf 88' lang='lat' dir='ltr'>eo,</span> <span class='ocrx_word' id='word_1_202' title='bbox 1189 2116 1264 2179; x_wconf 78' lang='lat' dir='ltr'>qurum</span> 
     </span>
    </p>
   </div>
   <div class='ocr_carea' id='block_1_3' title="bbox 115 2283 1312 3978">
    <p class='ocr_par' dir='ltr' id='par_1_3' title="bbox 117 2283 1264 2556">
     <span class='ocr_line' id='line_1_23' title="bbox 151 2283 1263 2354; baseline 0.003 -19"><span class='ocrx_word' id='word_1_203' title='bbox 151 2288 191 2339; x_wconf 89' lang='lat'>10.</span> <span class='ocrx_word' id='word_1_204' title='bbox 210 2286 280 2339; x_wconf 86' lang='lat' dir='ltr'>uisi</span> <span class='ocrx_word' id='word_1_205' title='bbox 296 2291 470 2339; x_wconf 81' lang='lat' dir='ltr'>auctorsc.</span> <span class='ocrx_word' id='word_1_206' title='bbox 481 2290 564 2347; x_wconf 88' lang='lat' dir='ltr'>esset.</span> <span class='ocrx_word' id='word_1_207' title='bbox 581 2283 671 2339; x_wconf 87' lang='lat' dir='ltr'>Ebeu-</span> <span class='ocrx_word' id='word_1_208' title='bbox 722 2286 779 2340; x_wconf 87' lang='lat' dir='ltr'>und</span> <span class='ocrx_word' id='word_1_209' title='bbox 801 2300 849 2340; x_wconf 89' lang='lat' dir='ltr'>eos</span> <span class='ocrx_word' id='word_1_210' title='bbox 872 2285 1001 2353; x_wconf 88' lang='lat' dir='ltr'>suppllrt.</span> <span class='ocrx_word' id='word_1_211' title='bbox 1040 2284 1096 2341; x_wconf 86' lang='lat' dir='ltr'>ben</span> <span class='ocrx_word' id='word_1_212' title='bbox 1126 2286 1263 2354; x_wconf 78' lang='lat' dir='ltr'>(legensatr</span> 
     </span>
     <span class='ocr_line' id='line_1_24' title="bbox 117 2352 1264 2409; baseline 0.002 -5"><span class='ocrx_word' id='word_1_213' title='bbox 117 2366 148 2405; x_wconf 92' lang='lat' dir='ltr'>so</span> <span class='ocrx_word' id='word_1_214' title='bbox 176 2353 234 2406; x_wconf 84' lang='lat' dir='ltr'>uisi</span> <span class='ocrx_word' id='word_1_215' title='bbox 255 2357 351 2406; x_wconf 84' lang='lat' dir='ltr'>sontes</span> <span class='ocrx_word' id='word_1_216' title='bbox 374 2359 459 2406; x_wconf 93' lang='lat' dir='ltr'>unten</span> <span class='ocrx_word' id='word_1_217' title='bbox 489 2356 528 2406; x_wconf 91' lang='lat'>11.</span> <span class='ocrx_word' id='word_1_218' title='bbox 562 2356 603 2406; x_wconf 85' lang='grc'>39.</span> <span class='ocrx_word' id='word_1_219' title='bbox 637 2381 671 2389; x_wconf 91' lang='grc'><strong>-</strong></span> <span class='ocrx_word' id='word_1_220' title='bbox 724 2352 932 2408; x_wconf 78' lang='lat' dir='ltr'>zuemtrobere</span> <span class='ocrx_word' id='word_1_221' title='bbox 955 2353 1169 2409; x_wconf 82' lang='lat' dir='ltr'>‘binbalten’</span> <span class='ocrx_word' id='word_1_222' title='bbox 1191 2352 1264 2408; x_wconf 90' lang='lat' dir='ltr'>bildet</span> 
     </span>
     <span class='ocr_line' id='line_1_25' title="bbox 118 2417 1264 2488; baseline 0.002 -16"><span class='ocrx_word' id='word_1_223' title='bbox 118 2432 213 2484; x_wconf 83' lang='lat' dir='ltr'>quem</span> <span class='ocrx_word' id='word_1_224' title='bbox 235 2421 330 2473; x_wconf 82' lang='lat' dir='ltr'>euim.</span> <span class='ocrx_word' id='word_1_225' title='bbox 365 2417 472 2473; x_wconf 85' lang='lat' dir='ltr'>Ebenso</span> <span class='ocrx_word' id='word_1_226' title='bbox 497 2419 609 2487; x_wconf 81' lang='lat' dir='ltr'>beginnt</span> <span class='ocrx_word' id='word_1_227' title='bbox 628 2419 672 2473; x_wconf 89' lang='lat' dir='ltr'>die</span> <span class='ocrx_word' id='word_1_228' title='bbox 724 2418 770 2474; x_wconf 91' lang='lat' dir='ltr'>das</span> <span class='ocrx_word' id='word_1_229' title='bbox 798 2419 925 2487; x_wconf 86' lang='lat' dir='ltr'>lolgeude</span> <span class='ocrx_word' id='word_1_230' title='bbox 953 2421 1149 2477; x_wconf 86' lang='lat' dir='ltr'>dimittendum</span> <span class='ocrx_word' id='word_1_231' title='bbox 1175 2421 1264 2488; x_wconf 79' lang='lat' dir='ltr'>fuisse.</span> 
     </span>
     <span class='ocr_line' id='line_1_26' title="bbox 118 2484 1263 2556; baseline 0.005 -16"><span class='ocrx_word' id='word_1_232' title='bbox 118 2501 158 2540; x_wconf 92' lang='lat' dir='ltr'>or.</span> <span class='ocrx_word' id='word_1_233' title='bbox 178 2484 231 2541; x_wconf 93' lang='lat' dir='ltr'>obl.</span> <span class='ocrx_word' id='word_1_234' title='bbox 251 2491 290 2539; x_wconf 89' lang='lat'>10.</span> <span class='ocrx_word' id='word_1_235' title='bbox 311 2491 333 2537; x_wconf 85' lang='lat'>5.</span> <span class='ocrx_word' id='word_1_236' title='bbox 353 2489 394 2542; x_wconf 89' lang='lat'>22.</span> <span class='ocrx_word' id='word_1_237' title='bbox 723 2485 781 2554; x_wconf 84' lang='lat' dir='ltr'>Vgl.</span> <span class='ocrx_word' id='word_1_238' title='bbox 799 2486 855 2542; x_wconf 89' lang='lat' dir='ltr'>Liv.</span> <span class='ocrx_word' id='word_1_239' title='bbox 874 2491 899 2541; x_wconf 90' lang='lat'>2.</span> <span class='ocrx_word' id='word_1_240' title='bbox 919 2492 960 2543; x_wconf 87' lang='lat'>23.</span> <span class='ocrx_word' id='word_1_241' title='bbox 979 2492 1010 2540; x_wconf 86' lang='lat'>13</span> <span class='ocrx_word' id='word_1_242' title='bbox 1029 2488 1107 2544; x_wconf 88' lang='lat' dir='ltr'>eludi</span> <span class='ocrx_word' id='word_1_243' title='bbox 1124 2494 1206 2556; x_wconf 84' lang='lat' dir='ltr'>atque</span> <span class='ocrx_word' id='word_1_244' title='bbox 1221 2502 1263 2545; x_wconf 68' lang='lat' dir='ltr'>ee·</span> 
     </span>
    </p>

    <p class='ocr_par' dir='ltr' id='par_1_4' title="bbox 115 2552 1269 3289">
     <span class='ocr_line' id='line_1_27' title="bbox 157 2552 1264 2623; baseline 0.005 -20"><span class='ocrx_word' id='word_1_245' title='bbox 157 2557 196 2608; x_wconf 92' lang='lat'>11.</span> <span class='ocrx_word' id='word_1_246' title='bbox 230 2552 337 2609; x_wconf 84' lang='lat' dir='ltr'>Cebul.</span> <span class='ocrx_word' id='word_1_247' title='bbox 362 2569 456 2610; x_wconf 77' lang='lat' dir='ltr'>exem</span> <span class='ocrx_word' id='word_1_248' title='bbox 487 2553 517 2609; x_wconf 90' lang='lat' dir='ltr'>lo</span> <span class='ocrx_word' id='word_1_249' title='bbox 539 2577 573 2597; x_wconf 93' lang='lat'>=</span> <span class='ocrx_word' id='word_1_250' title='bbox 603 2555 671 2610; x_wconf 88' lang='lat' dir='ltr'>nach</span> <span class='ocrx_word' id='word_1_251' title='bbox 724 2555 802 2609; x_wconf 82' lang='lat' dir='ltr'>trabi</span> <span class='ocrx_word' id='word_1_252' title='bbox 810 2570 841 2611; x_wconf 87' lang='lat' dir='ltr'>se</span> <span class='ocrx_word' id='word_1_253' title='bbox 850 2555 997 2611; x_wconf 83' lang='lat' dir='ltr'>multitudo</span> <span class='ocrx_word' id='word_1_254' title='bbox 1004 2562 1120 2623; x_wconf 84' lang='lat' dir='ltr'>putare.</span> <span class='ocrx_word' id='word_1_255' title='bbox 1135 2555 1264 2613; x_wconf 88' lang='lat' dir='ltr'>Ueblicher</span> 
     </span>
     <span class='ocr_line' id='line_1_28' title="bbox 117 2572 1263 2690; baseline 0.001 -14"><span class='ocrx_word' id='word_1_256' title='bbox 117 2620 177 2676; x_wconf 89' lang='lat' dir='ltr'>dem</span> <span class='ocrx_word' id='word_1_257' title='bbox 201 2620 329 2689; x_wconf 78' lang='lat' dir='ltr'>Vorgang</span> <span class='ocrx_word' id='word_1_258' title='bbox 352 2621 399 2676; x_wconf 92' lang='lat' dir='ltr'>des</span> <span class='ocrx_word' id='word_1_259' title='bbox 422 2572 574 2678; x_wconf 73' lang='lat' dir='ltr'>Cebalinus.</span> <span class='ocrx_word' id='word_1_260' title='bbox 610 2622 670 2690; x_wconf 83' lang='lat' dir='ltr'>Vgl.</span> <span class='ocrx_word' id='word_1_261' title='bbox 723 2623 760 2677; x_wconf 90' lang='lat' dir='ltr'>ist</span> <span class='ocrx_word' id='word_1_262' title='bbox 778 2621 1200 2680; x_wconf 78' lang='lat' dir='ltr'>dieConstrulrtionextrabere</span> <span class='ocrx_word' id='word_1_263' title='bbox 1215 2636 1263 2677; x_wconf 76' lang='lat' dir='ltr'>rem</span> 
     </span>
     <span class='ocr_line' id='line_1_29' title="bbox 118 2688 1262 2757; baseline 0.003 -15"><span class='ocrx_word' id='word_1_264' title='bbox 118 2688 169 2744; x_wconf 85' lang='lat' dir='ltr'>Cic.</span> <span class='ocrx_word' id='word_1_265' title='bbox 189 2690 222 2745; x_wconf 92' lang='lat' dir='ltr'>de</span> <span class='ocrx_word' id='word_1_266' title='bbox 240 2705 297 2757; x_wconf 91' lang='lat' dir='ltr'>rep.</span> <span class='ocrx_word' id='word_1_267' title='bbox 316 2693 340 2744; x_wconf 87' lang='lat'>2.</span> <span class='ocrx_word' id='word_1_268' title='bbox 358 2692 389 2741; x_wconf 87' lang='lat'>31</span> <span class='ocrx_word' id='word_1_269' title='bbox 409 2691 537 2756; x_wconf 81' lang='lat' dir='ltr'>exemplo</span> <span class='ocrx_word' id='word_1_270' title='bbox 549 2690 672 2757; x_wconf 83' lang='lat' dir='ltr'>Pompili</span> <span class='ocrx_word' id='word_1_271' title='bbox 722 2707 748 2745; x_wconf 92' lang='lat' dir='ltr'>u.</span> <span class='ocrx_word' id='word_1_272' title='bbox 761 2694 816 2746; x_wconf 85' lang='lat' dir='ltr'>tem</span> <span class='ocrx_word' id='word_1_273' title='bbox 837 2705 871 2746; x_wconf 91' lang='lat' dir='ltr'>us</span> <span class='ocrx_word' id='word_1_274' title='bbox 889 2706 925 2745; x_wconf 90' lang='lat' dir='ltr'>re</span> <span class='ocrx_word' id='word_1_275' title='bbox 939 2691 1065 2757; x_wconf 80' lang='lat' dir='ltr'>aliqua.</span> <span class='ocrx_word' id='word_1_276' title='bbox 1084 2720 1118 2730; x_wconf 96' lang='lat'>-</span> <span class='ocrx_word' id='word_1_277' title='bbox 1136 2692 1156 2747; x_wconf 93' lang='lat' dir='ltr'>d</span> <span class='ocrx_word' id='word_1_278' title='bbox 1162 2706 1262 2746; x_wconf 82' lang='lat' dir='ltr'>amun·</span> 
     </span>
     <span class='ocr_line' id='line_1_30' title="bbox 115 2707 1262 2825; baseline 0.003 -14"><span class='ocrx_word' id='word_1_279' title='bbox 115 2757 249 2823; x_wconf 88' lang='lat' dir='ltr'>populum</span> <span class='ocrx_word' id='word_1_280' title='bbox 258 2756 409 2812; x_wconf 83' lang='lat' dir='ltr'>consuluit.</span> <span class='ocrx_word' id='word_1_281' title='bbox 432 2760 488 2813; x_wconf 82' lang='lat' dir='ltr'>bus</span> <span class='ocrx_word' id='word_1_282' title='bbox 500 2758 594 2825; x_wconf 80' lang='lat' dir='ltr'>fuisse</span> <span class='ocrx_word' id='word_1_283' title='bbox 604 2775 670 2814; x_wconf 87' lang='lat' dir='ltr'>cur·</span> <span class='ocrx_word' id='word_1_284' title='bbox 722 2757 785 2812; x_wconf 86' lang='lat' dir='ltr'>but.</span> <span class='ocrx_word' id='word_1_285' title='bbox 815 2707 903 2812; x_wconf 76' lang='lat' dir='ltr'>beser</span> <span class='ocrx_word' id='word_1_286' title='bbox 925 2757 969 2813; x_wconf 89' lang='lat' dir='ltr'>die</span> <span class='ocrx_word' id='word_1_287' title='bbox 986 2757 1100 2814; x_wconf 84' lang='lat' dir='ltr'>Bedeut.</span> <span class='ocrx_word' id='word_1_288' title='bbox 1122 2759 1148 2814; x_wconf 90' lang='lat' dir='ltr'>d.</span> <span class='ocrx_word' id='word_1_289' title='bbox 1166 2758 1262 2815; x_wconf 78' lang='lat' dir='ltr'>Woru</span> 
     </span>
     <span class='ocr_line' id='line_1_31' title="bbox 117 2823 1260 2903; baseline -0.002 -25"><span class='ocrx_word' id='word_1_290' title='bbox 117 2839 218 2878; x_wconf 89' lang='lat' dir='ltr'>surum</span> <span class='ocrx_word' id='word_1_291' title='bbox 235 2825 272 2879; x_wconf 87' lang='lat' dir='ltr'>ist</span> <span class='ocrx_word' id='word_1_292' title='bbox 289 2828 456 2881; x_wconf 83' lang='lat' dir='ltr'>cucurrisse</span> <span class='ocrx_word' id='word_1_293' title='bbox 475 2842 506 2880; x_wconf 92' lang='lat' dir='ltr'>zu</span> <span class='ocrx_word' id='word_1_294' title='bbox 526 2831 669 2894; x_wconf 78' lang='lat' dir='ltr'>ergtnzen.</span> <span class='ocrx_word' id='word_1_295' title='bbox 723 2841 743 2878; x_wconf 93' lang='lat' dir='ltr'>s.</span> <span class='ocrx_word' id='word_1_296' title='bbox 763 2825 807 2880; x_wconf 89' lang='lat' dir='ltr'>die</span> <span class='ocrx_word' id='word_1_297' title='bbox 824 2823 894 2880; x_wconf 88' lang='lat' dir='ltr'>Note</span> <span class='ocrx_word' id='word_1_298' title='bbox 912 2842 946 2880; x_wconf 85' lang='lat' dir='ltr'>zu</span> <span class='ocrx_word' id='word_1_299' title='bbox 964 2830 988 2879; x_wconf 88' lang='lat'>3.</span> <span class='ocrx_word' id='word_1_300' title='bbox 1007 2830 1032 2880; x_wconf 91' lang='lat'>2.</span> <span class='ocrx_word' id='word_1_301' title='bbox 1051 2829 1075 2879; x_wconf 91' lang='lat'>1.</span> <span class='ocrx_word' id='word_1_302' title='bbox 1253 2884 1260 2903; x_wconf 36' lang='grc' dir='ltr'>ι</span> 
     </span>
     <span class='ocr_line' id='line_1_32' title="bbox 116 2890 1264 2971; baseline 0.003 -27"><span class='ocrx_word' id='word_1_303' title='bbox 116 2890 163 2945; x_wconf 88' lang='lat' dir='ltr'>bie</span> <span class='ocrx_word' id='word_1_304' title='bbox 181 2890 301 2958; x_wconf 87' lang='lat' dir='ltr'>Sprache</span> <span class='ocrx_word' id='word_1_305' title='bbox 319 2891 368 2947; x_wconf 91' lang='lat' dir='ltr'>der</span> <span class='ocrx_word' id='word_1_306' title='bbox 380 2891 551 2959; x_wconf 79' lang='lat' dir='ltr'>Indignation</span> <span class='ocrx_word' id='word_1_307' title='bbox 569 2893 605 2948; x_wconf 91' lang='lat' dir='ltr'>ist</span> <span class='ocrx_word' id='word_1_308' title='bbox 623 2910 671 2949; x_wconf 92' lang='lat' dir='ltr'>na·</span> <span class='ocrx_word' id='word_1_309' title='bbox 751 2896 797 2971; x_wconf 36' lang='lat'>¹14.</span> <span class='ocrx_word' id='word_1_310' title='bbox 816 2892 979 2949; x_wconf 89' lang='lat' dir='ltr'>credulos</span> <span class='ocrx_word' id='word_1_311' title='bbox 996 2892 1107 2949; x_wconf 89' lang='lat' dir='ltr'>beziebt</span> <span class='ocrx_word' id='word_1_312' title='bbox 1126 2894 1186 2951; x_wconf 90' lang='lat' dir='ltr'>sicb</span> <span class='ocrx_word' id='word_1_313' title='bbox 1202 2908 1264 2947; x_wconf 74' lang='lat' dir='ltr'>uma</span> 
     </span>
     <span class='ocr_line' id='line_1_33' title="bbox 118 2957 1265 3029; baseline 0.006 -18"><span class='ocrx_word' id='word_1_314' title='bbox 118 2962 270 3023; x_wconf 82' lang='lat' dir='ltr'>turgemass</span> <span class='ocrx_word' id='word_1_315' title='bbox 295 2959 355 3013; x_wconf 88' lang='lat' dir='ltr'>eine</span> <span class='ocrx_word' id='word_1_316' title='bbox 380 2958 567 3027; x_wconf 86' lang='lat' dir='ltr'>abgerissene,</span> <span class='ocrx_word' id='word_1_317' title='bbox 591 2958 672 3029; x_wconf 92' lang='lat' dir='ltr'>ellip·</span> <span class='ocrx_word' id='word_1_318' title='bbox 724 2975 839 3013; x_wconf 77' lang='lat' dir='ltr'>euveum</span> <span class='ocrx_word' id='word_1_319' title='bbox 858 2959 908 3015; x_wconf 86' lang='lat' dir='ltr'>aul</span> <span class='ocrx_word' id='word_1_320' title='bbox 922 2977 975 3017; x_wconf 90' lang='lat' dir='ltr'>suo</span> <span class='ocrx_word' id='word_1_321' title='bbox 993 2975 1138 3028; x_wconf 81' lang='lat' dir='ltr'>quemque.</span> <span class='ocrx_word' id='word_1_322' title='bbox 1168 2962 1195 3020; x_wconf 87' lang='lat' dir='ltr'>S.</span> <span class='ocrx_word' id='word_1_323' title='bbox 1208 2957 1265 3017; x_wconf 79' lang='lat' dir='ltr'>utut</span> 
     </span>
     <span class='ocr_line' id='line_1_34' title="bbox 117 3025 1266 3096; baseline 0.003 -17"><span class='ocrx_word' id='word_1_324' title='bbox 117 3025 213 3079; x_wconf 89' lang='lat' dir='ltr'>tiscbe.</span> <span class='ocrx_word' id='word_1_325' title='bbox 242 3054 273 3062; x_wconf 98' lang='lat'>-</span> <span class='ocrx_word' id='word_1_326' title='bbox 300 3026 480 3082; x_wconf 83' lang='lat' dir='ltr'>arbitrum.</span> <span class='ocrx_word' id='word_1_327' title='bbox 515 3027 621 3083; x_wconf 81' lang='lat' dir='ltr'>Ebenso</span> <span class='ocrx_word' id='word_1_328' title='bbox 646 3032 670 3084; x_wconf 90' lang='lat'>3.</span> <span class='ocrx_word' id='word_1_329' title='bbox 724 3030 803 3090; x_wconf 51' lang='lat'>§21¹2</span> <span class='ocrx_word' id='word_1_330' title='bbox 831 3056 863 3066; x_wconf 94' lang='lat'>-</span> <span class='ocrx_word' id='word_1_331' title='bbox 893 3028 1035 3085; x_wconf 84' lang='lat' dir='ltr'>silentio</span> <span class='ocrx_word' id='word_1_332' title='bbox 1061 3032 1266 3096; x_wconf 81' lang='lat' dir='ltr'>premerent,</span> 
     </span>
     <span class='ocr_line' id='line_1_35' title="bbox 118 3094 1267 3163; baseline 0.005 -21"><span class='ocrx_word' id='word_1_333' title='bbox 118 3095 158 3146; x_wconf 80' lang='lat'>12.</span> <span class='ocrx_word' id='word_1_334' title='bbox 177 3094 209 3142; x_wconf 89' lang='grc'>16</span> <span class='ocrx_word' id='word_1_335' title='bbox 227 3098 402 3148; x_wconf 87' lang='lat' dir='ltr'>secretorum</span> <span class='ocrx_word' id='word_1_336' title='bbox 419 3095 670 3150; x_wconf 84' lang='lat' dir='ltr'>ommiumarbiter.</span> <span class='ocrx_word' id='word_1_337' title='bbox 723 3112 745 3149; x_wconf 90' lang='lat' dir='ltr'>s.</span> <span class='ocrx_word' id='word_1_338' title='bbox 766 3099 789 3150; x_wconf 84' lang='grc'>7.</span> <span class='ocrx_word' id='word_1_339' title='bbox 807 3099 840 3147; x_wconf 79' lang='lat'>27</span> <span class='ocrx_word' id='word_1_340' title='bbox 862 3112 889 3151; x_wconf 90' lang='lat' dir='ltr'>u.</span> <span class='ocrx_word' id='word_1_341' title='bbox 912 3095 966 3163; x_wconf 84' lang='lat' dir='ltr'>ugl.</span> <span class='ocrx_word' id='word_1_342' title='bbox 989 3096 1068 3163; x_wconf 78' lang='lat' dir='ltr'>Verg.</span> <span class='ocrx_word' id='word_1_343' title='bbox 1095 3097 1163 3152; x_wconf 81' lang='lat' dir='ltr'>ben.</span> <span class='ocrx_word' id='word_1_344' title='bbox 1187 3103 1210 3151; x_wconf 80' lang='grc'>7.</span> <span class='ocrx_word' id='word_1_345' title='bbox 1226 3098 1267 3149; x_wconf 78' lang='lat' dir='ltr'>lot</span> 
     </span>
     <span class='ocr_line' id='line_1_36' title="bbox 117 3161 1269 3233; baseline 0.01 -21"><span class='ocrx_word' id='word_1_346' title='bbox 117 3188 147 3197; x_wconf 91' lang='lat'><em>-</em></span> <span class='ocrx_word' id='word_1_347' title='bbox 169 3175 234 3213; x_wconf 87' lang='lat' dir='ltr'>non</span> <span class='ocrx_word' id='word_1_348' title='bbox 252 3174 408 3215; x_wconf 83' lang='lat' dir='ltr'>vocasse.</span> <span class='ocrx_word' id='word_1_349' title='bbox 430 3161 484 3215; x_wconf 88' lang='lat' dir='ltr'>Zur</span> <span class='ocrx_word' id='word_1_350' title='bbox 502 3161 587 3217; x_wconf 87' lang='lat' dir='ltr'>Sacbe</span> <span class='ocrx_word' id='word_1_351' title='bbox 605 3178 627 3215; x_wconf 91' lang='lat' dir='ltr'>s.</span> <span class='ocrx_word' id='word_1_352' title='bbox 645 3165 669 3217; x_wconf 70' lang='lat'>⁵1.</span> <span class='ocrx_word' id='word_1_353' title='bbox 722 3162 946 3230; x_wconf 80' lang='lat' dir='ltr'>buecresponsa</span> <span class='ocrx_word' id='word_1_354' title='bbox 1003 3179 1060 3218; x_wconf 85' lang='lat' dir='ltr'>non</span> <span class='ocrx_word' id='word_1_355' title='bbox 1073 3167 1137 3230; x_wconf 78' lang='lat' dir='ltr'>ipse</span> <span class='ocrx_word' id='word_1_356' title='bbox 1149 3178 1269 3233; x_wconf 74' lang='lat' dir='ltr'>suopte·</span> 
     </span>
     <span class='ocr_line' id='line_1_37' title="bbox 117 3230 1269 3289; baseline 0.01 -12"><span class='ocrx_word' id='word_1_357' title='bbox 117 3230 158 3278; x_wconf 84' lang='lat'>21.</span> <span class='ocrx_word' id='word_1_358' title='bbox 723 3232 772 3285; x_wconf 88' lang='lat' dir='ltr'>mit</span> <span class='ocrx_word' id='word_1_359' title='bbox 794 3245 843 3286; x_wconf 85' lang='lat' dir='ltr'>ore</span> <span class='ocrx_word' id='word_1_360' title='bbox 869 3230 998 3288; x_wconf 72' lang='lat' dir='ltr'>Batinus.</span> <span class='ocrx_word' id='word_1_361' title='bbox 1026 3230 1190 3289; x_wconf 74' lang='lat' dir='ltr'>&#39;Classiscbz</span> <span class='ocrx_word' id='word_1_362' title='bbox 1218 3246 1269 3289; x_wconf 74' lang='lat' dir='ltr'>rem</span> 
     </span>
    </p>

    <p class='ocr_par' dir='ltr' id='par_1_5' title="bbox 117 3295 1312 3978">
     <span class='ocr_line' id='line_1_38' title="bbox 157 3295 1312 3372; baseline 0.011 -28"><span class='ocrx_word' id='word_1_363' title='bbox 157 3297 197 3349; x_wconf 79' lang='lat'>12,</span> <span class='ocrx_word' id='word_1_364' title='bbox 221 3308 419 3372; x_wconf 77' lang='lat' dir='ltr'>exonerqre</span> <span class='ocrx_word' id='word_1_365' title='bbox 446 3295 534 3351; x_wconf 88' lang='lat' dir='ltr'>beisst</span> <span class='ocrx_word' id='word_1_366' title='bbox 560 3295 670 3352; x_wconf 86' lang='lat' dir='ltr'>sowohl</span> <span class='ocrx_word' id='word_1_367' title='bbox 723 3299 911 3364; x_wconf 82' lang='lat' dir='ltr'>supprimere,</span> <span class='ocrx_word' id='word_1_368' title='bbox 931 3305 1024 3366; x_wconf 83' lang='lat' dir='ltr'>tepere</span> <span class='ocrx_word' id='word_1_369' title='bbox 1042 3300 1167 3356; x_wconf 83' lang='lat' dir='ltr'>silentio.</span> <span class='ocrx_word' id='word_1_370' title='bbox 1310 3314 1312 3319; x_wconf 85' lang='lat'>·</span> 
     </span>
     <span class='ocr_line' id='line_1_39' title="bbox 117 3360 1269 3434; baseline 0.01 -21"><span class='ocrx_word' id='word_1_371' title='bbox 117 3391 149 3398; x_wconf 92' lang='lat'>—</span> <span class='ocrx_word' id='word_1_372' title='bbox 168 3361 278 3424; x_wconf 70' lang='lat' dir='ltr'>eigentl.</span> <span class='ocrx_word' id='word_1_373' title='bbox 296 3378 324 3417; x_wconf 90' lang='lat' dir='ltr'>u.</span> <span class='ocrx_word' id='word_1_374' title='bbox 346 3360 458 3417; x_wconf 89' lang='lat' dir='ltr'>brldlich</span> <span class='ocrx_word' id='word_1_375' title='bbox 482 3391 516 3400; x_wconf 91' lang='lat'>—</span> <span class='ocrx_word' id='word_1_376' title='bbox 537 3380 601 3418; x_wconf 89' lang='lat' dir='ltr'>von</span> <span class='ocrx_word' id='word_1_377' title='bbox 625 3364 671 3418; x_wconf 89' lang='lat' dir='ltr'>ei·</span> <span class='ocrx_word' id='word_1_378' title='bbox 758 3368 797 3420; x_wconf 79' lang='lat'>15.</span> <span class='ocrx_word' id='word_1_379' title='bbox 821 3369 900 3421; x_wconf 84' lang='lat' dir='ltr'>noui</span> <span class='ocrx_word' id='word_1_380' title='bbox 917 3368 1005 3422; x_wconf 85' lang='lat' dir='ltr'>initi.</span> <span class='ocrx_word' id='word_1_381' title='bbox 1034 3365 1189 3434; x_wconf 81' lang='lat' dir='ltr'>Logiscber</span> <span class='ocrx_word' id='word_1_382' title='bbox 1204 3373 1269 3425; x_wconf 82' lang='lat' dir='ltr'>nur</span> 
     </span>
     <span class='ocr_line' id='line_1_40' title="bbox 118 3427 1268 3500; baseline 0.005 -15"><span class='ocrx_word' id='word_1_383' title='bbox 118 3447 176 3485; x_wconf 93' lang='lat' dir='ltr'>ner</span> <span class='ocrx_word' id='word_1_384' title='bbox 192 3427 269 3485; x_wconf 87' lang='lat' dir='ltr'>Last</span> <span class='ocrx_word' id='word_1_385' title='bbox 286 3428 442 3485; x_wconf 84' lang='lat' dir='ltr'>belreien</span> <span class='ocrx_word' id='word_1_386' title='bbox 461 3431 503 3496; x_wconf 91' lang='lat' dir='ltr'>(so</span> <span class='ocrx_word' id='word_1_387' title='bbox 521 3447 552 3487; x_wconf 86' lang='lat' dir='ltr'>se</span> <span class='ocrx_word' id='word_1_388' title='bbox 564 3446 671 3487; x_wconf 78' lang='lat' dir='ltr'>emoue—</span> <span class='ocrx_word' id='word_1_389' title='bbox 723 3433 803 3487; x_wconf 90' lang='lat' dir='ltr'>modo</span> <span class='ocrx_word' id='word_1_390' title='bbox 815 3435 885 3496; x_wconf 86' lang='lat' dir='ltr'>initi,</span> <span class='ocrx_word' id='word_1_391' title='bbox 905 3433 976 3489; x_wconf 92' lang='lat' dir='ltr'>doch</span> <span class='ocrx_word' id='word_1_392' title='bbox 990 3433 1042 3500; x_wconf 83' lang='lat' dir='ltr'>vgl.</span> <span class='ocrx_word' id='word_1_393' title='bbox 1055 3450 1163 3494; x_wconf 86' lang='lat' dir='ltr'>recens</span> <span class='ocrx_word' id='word_1_394' title='bbox 1176 3436 1268 3495; x_wconf 82' lang='lat' dir='ltr'>udlle·</span> 
     </span>
     <span class='ocr_line' id='line_1_41' title="bbox 117 3498 1264 3568; baseline 0.003 -16"><span class='ocrx_word' id='word_1_395' title='bbox 117 3513 186 3554; x_wconf 87' lang='lat' dir='ltr'>rare</span> <span class='ocrx_word' id='word_1_396' title='bbox 205 3503 229 3554; x_wconf 85' lang='grc'>9.</span> <span class='ocrx_word' id='word_1_397' title='bbox 248 3501 276 3557; x_wconf 83' lang='grc'>9;</span> <span class='ocrx_word' id='word_1_398' title='bbox 296 3498 421 3553; x_wconf 84' lang='lat' dir='ltr'>animum</span> <span class='ocrx_word' id='word_1_399' title='bbox 438 3499 627 3554; x_wconf 84' lang='lat' dir='ltr'>sollieitudine</span> <span class='ocrx_word' id='word_1_400' title='bbox 644 3503 669 3550; x_wconf 88' lang='grc'>4.</span> <span class='ocrx_word' id='word_1_401' title='bbox 723 3500 820 3567; x_wconf 81' lang='lat' dir='ltr'>pilium</span> <span class='ocrx_word' id='word_1_402' title='bbox 840 3501 933 3557; x_wconf 85' lang='lat' dir='ltr'>lucum</span> <span class='ocrx_word' id='word_1_403' title='bbox 956 3506 1073 3568; x_wconf 85' lang='lat' dir='ltr'>acceptu</span> <span class='ocrx_word' id='word_1_404' title='bbox 1102 3504 1201 3562; x_wconf 85' lang='lat' dir='ltr'>clades</span> <span class='ocrx_word' id='word_1_405' title='bbox 1219 3502 1264 3559; x_wconf 80' lang='lat' dir='ltr'>uu.</span> 
     </span>
     <span class='ocr_line' id='line_1_42' title="bbox 119 3562 1263 3634; baseline 0.011 -17"><span class='ocrx_word' id='word_1_406' title='bbox 119 3571 158 3622; x_wconf 84' lang='lat'>13.</span> <span class='ocrx_word' id='word_1_407' title='bbox 181 3562 237 3634; x_wconf 87' lang='lat'>22),</span> <span class='ocrx_word' id='word_1_408' title='bbox 265 3564 305 3619; x_wconf 90' lang='lat' dir='ltr'>als</span> <span class='ocrx_word' id='word_1_409' title='bbox 328 3565 397 3620; x_wconf 90' lang='lat' dir='ltr'>aucb</span> <span class='ocrx_word' id='word_1_410' title='bbox 421 3565 493 3621; x_wconf 90' lang='lat' dir='ltr'>eine</span> <span class='ocrx_word' id='word_1_411' title='bbox 517 3566 594 3622; x_wconf 86' lang='lat' dir='ltr'>Last</span> <span class='ocrx_word' id='word_1_412' title='bbox 617 3565 671 3621; x_wconf 89' lang='lat' dir='ltr'>ab·</span> <span class='ocrx_word' id='word_1_413' title='bbox 723 3571 747 3621; x_wconf 86' lang='lat'>2.</span> <span class='ocrx_word' id='word_1_414' title='bbox 766 3571 807 3623; x_wconf 87' lang='lat'>22.</span> <span class='ocrx_word' id='word_1_415' title='bbox 824 3571 848 3632; x_wconf 82' lang='grc'>4,</span> <span class='ocrx_word' id='word_1_416' title='bbox 866 3585 912 3624; x_wconf 86' lang='lat' dir='ltr'>wo</span> <span class='ocrx_word' id='word_1_417' title='bbox 930 3584 1032 3625; x_wconf 84' lang='lat' dir='ltr'>recens</span> <span class='ocrx_word' id='word_1_418' title='bbox 1050 3571 1130 3626; x_wconf 89' lang='lat' dir='ltr'>wohl</span> <span class='ocrx_word' id='word_1_419' title='bbox 1149 3564 1263 3629; x_wconf 81' lang='lat' dir='ltr'>ebertalb</span> 
     </span>
     <span class='ocr_line' id='line_1_43' title="bbox 118 3631 1262 3700; baseline 0.003 -12"><span class='ocrx_word' id='word_1_420' title='bbox 118 3631 300 3688; x_wconf 83' lang='lat' dir='ltr'>sebritteln.</span> <span class='ocrx_word' id='word_1_421' title='bbox 328 3633 364 3688; x_wconf 87' lang='lat' dir='ltr'>So</span> <span class='ocrx_word' id='word_1_422' title='bbox 384 3640 445 3700; x_wconf 84' lang='lat' dir='ltr'>sagi</span> <span class='ocrx_word' id='word_1_423' title='bbox 462 3634 549 3689; x_wconf 85' lang='lat' dir='ltr'>sebon</span> <span class='ocrx_word' id='word_1_424' title='bbox 566 3633 670 3689; x_wconf 90' lang='lat' dir='ltr'>Livius:</span> <span class='ocrx_word' id='word_1_425' title='bbox 722 3634 896 3690; x_wconf 80' lang='lat' dir='ltr'>Ad&#39;elttivum</span> <span class='ocrx_word' id='word_1_426' title='bbox 908 3636 952 3692; x_wconf 89' lang='lat' dir='ltr'>ist.</span> <span class='ocrx_word' id='word_1_427' title='bbox 968 3665 1003 3674; x_wconf 89' lang='lat'>-</span> <span class='ocrx_word' id='word_1_428' title='bbox 1020 3637 1176 3696; x_wconf 83' lang='lat' dir='ltr'>daretur</span> <span class='ocrx_word' id='word_1_429' title='bbox 1189 3640 1262 3695; x_wconf 76' lang='lat' dir='ltr'>sota.</span> 
     </span>
     <span class='ocr_line' id='line_1_44' title="bbox 118 3652 1265 3770; baseline 0.004 -15"><span class='ocrx_word' id='word_1_430' title='bbox 118 3716 281 3756; x_wconf 77' lang='lat' dir='ltr'>exonerare</span> <span class='ocrx_word' id='word_1_431' title='bbox 297 3701 381 3768; x_wconf 77' lang='lat' dir='ltr'>fidem</span> <span class='ocrx_word' id='word_1_432' title='bbox 399 3716 494 3765; x_wconf 87' lang='lat' dir='ltr'>suum,</span> <span class='ocrx_word' id='word_1_433' title='bbox 517 3702 671 3757; x_wconf 85' lang='lat' dir='ltr'>multitudi-</span> <span class='ocrx_word' id='word_1_434' title='bbox 723 3652 781 3769; x_wconf 78' lang='lat' dir='ltr'>Vgl.</span> <span class='ocrx_word' id='word_1_435' title='bbox 804 3705 915 3770; x_wconf 82' lang='lat' dir='ltr'>sipnum</span> <span class='ocrx_word' id='word_1_436' title='bbox 939 3704 1026 3766; x_wconf 88' lang='lat' dir='ltr'>dare,</span> <span class='ocrx_word' id='word_1_437' title='bbox 1054 3705 1108 3760; x_wconf 91' lang='lat' dir='ltr'>ein</span> <span class='ocrx_word' id='word_1_438' title='bbox 1136 3706 1265 3765; x_wconf 84' lang='lat' dir='ltr'>Zelcbeu</span> 
     </span>
     <span class='ocr_line' id='line_1_45' title="bbox 118 3767 1269 3836; baseline 0.004 -15"><span class='ocrx_word' id='word_1_439' title='bbox 118 3784 181 3823; x_wconf 86' lang='lat' dir='ltr'>uem</span> <span class='ocrx_word' id='word_1_440' title='bbox 199 3770 379 3829; x_wconf 85' lang='lat' dir='ltr'>inconditum,</span> <span class='ocrx_word' id='word_1_441' title='bbox 398 3768 470 3824; x_wconf 91' lang='lat' dir='ltr'>noch</span> <span class='ocrx_word' id='word_1_442' title='bbox 482 3767 606 3836; x_wconf 79' lang='lat' dir='ltr'>haufiger</span> <span class='ocrx_word' id='word_1_443' title='bbox 623 3770 671 3824; x_wconf 88' lang='lat' dir='ltr'>ba·</span> <span class='ocrx_word' id='word_1_444' title='bbox 747 3768 837 3825; x_wconf 88' lang='lat' dir='ltr'>eben.</span> <span class='ocrx_word' id='word_1_445' title='bbox 876 3770 956 3826; x_wconf 91' lang='lat' dir='ltr'>Beide</span> <span class='ocrx_word' id='word_1_446' title='bbox 985 3770 1106 3828; x_wconf 90' lang='lat' dir='ltr'>Pbrasen</span> <span class='ocrx_word' id='word_1_447' title='bbox 1137 3771 1269 3832; x_wconf 87' lang='lat' dir='ltr'>verblndet</span> 
     </span>
     <span class='ocr_line' id='line_1_46' title="bbox 118 3784 1270 3916; baseline 0.01 -27"><span class='ocrx_word' id='word_1_448' title='bbox 118 3835 170 3914; x_wconf 78' lang='lat' dir='ltr'>ben</span> <span class='ocrx_word' id='word_1_449' title='bbox 189 3834 263 3891; x_wconf 88' lang='lat' dir='ltr'>diese</span> <span class='ocrx_word' id='word_1_450' title='bbox 281 3835 395 3892; x_wconf 86' lang='lat' dir='ltr'>letztere</span> <span class='ocrx_word' id='word_1_451' title='bbox 414 3835 610 3916; x_wconf 74' lang='lat' dir='ltr'>Construltion</span> <span class='ocrx_word' id='word_1_452' title='bbox 628 3836 671 3891; x_wconf 92' lang='lat' dir='ltr'>die</span> <span class='ocrx_word' id='word_1_453' title='bbox 723 3784 789 3892; x_wconf 73' lang='lat' dir='ltr'>bric</span> <span class='ocrx_word' id='word_1_454' title='bbox 801 3845 865 3894; x_wconf 88' lang='lat' dir='ltr'>met.</span> <span class='ocrx_word' id='word_1_455' title='bbox 875 3843 914 3890; x_wconf 91' lang='lat'>11.</span> <span class='ocrx_word' id='word_1_456' title='bbox 924 3842 989 3893; x_wconf 78' lang='lat'><strong>465:</strong></span> <span class='ocrx_word' id='word_1_457' title='bbox 1002 3839 1120 3896; x_wconf 85' lang='lat' dir='ltr'>dantem</span> <span class='ocrx_word' id='word_1_458' title='bbox 1131 3844 1270 3909; x_wconf 73' lang='lat' dir='ltr'>sibisipm</span> 
     </span>
     <span class='ocr_line' id='line_1_47' title="bbox 118 3902 1271 3978; baseline 0.006 -22"><span class='ocrx_word' id='word_1_459' title='bbox 118 3902 228 3959; x_wconf 83' lang='lat' dir='ltr'>bucbter</span> <span class='ocrx_word' id='word_1_460' title='bbox 239 3902 295 3959; x_wconf 93' lang='lat' dir='ltr'>und</span> <span class='ocrx_word' id='word_1_461' title='bbox 308 3903 457 3960; x_wconf 85' lang='lat' dir='ltr'>nacbclass.</span> <span class='ocrx_word' id='word_1_462' title='bbox 469 3903 623 3960; x_wconf 89' lang='lat' dir='ltr'>Prosarker.</span> <span class='ocrx_word' id='word_1_463' title='bbox 638 3932 672 3941; x_wconf 92' lang='lat'>—</span> <span class='ocrx_word' id='word_1_464' title='bbox 722 3907 855 3962; x_wconf 84' lang='lat' dir='ltr'>maritum</span> <span class='ocrx_word' id='word_1_465' title='bbox 863 3909 960 3973; x_wconf 86' lang='lat' dir='ltr'>primu</span> <span class='ocrx_word' id='word_1_466' title='bbox 972 3907 1047 3962; x_wconf 85' lang='lat' dir='ltr'>ridet</span> <span class='ocrx_word' id='word_1_467' title='bbox 1055 3910 1208 3978; x_wconf 80' lang='lat' dir='ltr'>redditque</span> <span class='ocrx_word' id='word_1_468' title='bbox 1219 3923 1271 3964; x_wconf 84' lang='lat' dir='ltr'>uo-</span> 
     </span>
    </p>
   </div>
   <div class='ocr_carea' id='block_1_4' title="bbox 118 3971 1271 4384">
    <p class='ocr_par' dir='ltr' id='par_1_6' title="bbox 118 3971 784 4091">
     <span class='ocr_line' id='line_1_48' title="bbox 118 3971 784 4091; baseline 0.006 -67"><span class='ocrx_word' id='word_1_469' title='bbox 118 3985 179 4091; x_wconf 84' lang='lat' dir='ltr'>per</span> <span class='ocrx_word' id='word_1_470' title='bbox 197 3971 311 4026; x_wconf 88' lang='lat' dir='ltr'>ludum</span> <span class='ocrx_word' id='word_1_471' title='bbox 329 3974 518 4038; x_wconf 83' lang='lat' dir='ltr'>iocumque,</span> <span class='ocrx_word' id='word_1_472' title='bbox 532 3971 668 4039; x_wconf 86' lang='lat' dir='ltr'>hyperbo-</span> <span class='ocrx_word' id='word_1_473' title='bbox 723 3978 784 4029; x_wconf 85' lang='lat' dir='ltr'>tus.</span> 
     </span>
    </p>

    <p class='ocr_par' dir='ltr' id='par_1_7' title="bbox 129 4038 1270 4177">
     <span class='ocr_line' id='line_1_49' title="bbox 129 4038 1270 4114; baseline 0.005 -23"><span class='ocrx_word' id='word_1_474' title='bbox 129 4038 195 4093; x_wconf 86' lang='lat' dir='ltr'>isch.</span> <span class='ocrx_word' id='word_1_475' title='bbox 231 4038 257 4096; x_wconf 89' lang='lat' dir='ltr'>S.</span> <span class='ocrx_word' id='word_1_476' title='bbox 277 4042 299 4090; x_wconf 81' lang='lat'>7.</span> <span class='ocrx_word' id='word_1_477' title='bbox 319 4044 358 4091; x_wconf 85' lang='lat'>19.</span> <span class='ocrx_word' id='word_1_478' title='bbox 757 4041 983 4100; x_wconf 84' lang='lat' dir='ltr'>16.ultimasi</span> <span class='ocrx_word' id='word_1_479' title='bbox 1010 4045 1042 4098; x_wconf 87' lang='lat' dir='ltr'>si</span> <span class='ocrx_word' id='word_1_480' title='bbox 1057 4044 1270 4114; x_wconf 76' lang='lat' dir='ltr'>uambfuturus.</span> 
     </span>
     <span class='ocr_line' id='line_1_50' title="bbox 153 4107 1269 4177; baseline 0.008 -21"><span class='ocrx_word' id='word_1_481' title='bbox 153 4110 192 4157; x_wconf 83' lang='lat'>13.</span> <span class='ocrx_word' id='word_1_482' title='bbox 211 4121 272 4161; x_wconf 88' lang='lat' dir='ltr'>cur</span> <span class='ocrx_word' id='word_1_483' title='bbox 289 4109 410 4173; x_wconf 84' lang='lat' dir='ltr'>ipitur,</span> <span class='ocrx_word' id='word_1_484' title='bbox 429 4108 482 4162; x_wconf 90' lang='lat' dir='ltr'>wle</span> <span class='ocrx_word' id='word_1_485' title='bbox 501 4125 568 4165; x_wconf 89' lang='lat' dir='ltr'>num</span> <span class='ocrx_word' id='word_1_486' title='bbox 585 4111 672 4177; x_wconf 80' lang='lat' dir='ltr'>ipitur</span> <span class='ocrx_word' id='word_1_487' title='bbox 719 4107 797 4163; x_wconf 87' lang='lat' dir='ltr'>biese</span> <span class='ocrx_word' id='word_1_488' title='bbox 814 4109 912 4166; x_wconf 89' lang='lat' dir='ltr'>Worte</span> <span class='ocrx_word' id='word_1_489' title='bbox 930 4111 972 4166; x_wconf 92' lang='lat' dir='ltr'>sin</span> <span class='ocrx_word' id='word_1_490' title='bbox 1009 4110 1050 4166; x_wconf 92' lang='lat' dir='ltr'>als</span> <span class='ocrx_word' id='word_1_491' title='bbox 1064 4110 1269 4169; x_wconf 83' lang='lat' dir='ltr'>Parentbeseru</span> 
     </span>
    </p>

    <p class='ocr_par' dir='ltr' id='par_1_8' title="bbox 120 4173 1271 4240">
     <span class='ocr_line' id='line_1_51' title="bbox 120 4173 1271 4240; baseline 0.007 -18"><span class='ocrx_word' id='word_1_492' title='bbox 120 4175 218 4228; x_wconf 89' lang='lat'>10.18.</span> <span class='ocrx_word' id='word_1_493' title='bbox 240 4202 273 4210; x_wconf 89' lang='lat'><em>-</em></span> <span class='ocrx_word' id='word_1_494' title='bbox 299 4177 529 4232; x_wconf 77' lang='lat' dir='ltr'>extraxisset.</span> <span class='ocrx_word' id='word_1_495' title='bbox 565 4177 672 4233; x_wconf 84' lang='lat' dir='ltr'>birelrt:</span> <span class='ocrx_word' id='word_1_496' title='bbox 722 4173 826 4240; x_wconf 87' lang='lat' dir='ltr'>lassen,</span> <span class='ocrx_word' id='word_1_497' title='bbox 854 4178 903 4233; x_wconf 88' lang='lat' dir='ltr'>mit</span> <span class='ocrx_word' id='word_1_498' title='bbox 930 4178 979 4236; x_wconf 86' lang='lat' dir='ltr'>der</span> <span class='ocrx_word' id='word_1_499' title='bbox 1005 4179 1054 4234; x_wconf 94' lang='lat' dir='ltr'>der</span> <span class='ocrx_word' id='word_1_500' title='bbox 1076 4177 1271 4237; x_wconf 85' lang='lat' dir='ltr'>Sebriitsteller</span> 
     </span>
    </p>

    <p class='ocr_par' dir='ltr' id='par_1_9' title="bbox 119 4240 1271 4313">
     <span class='ocr_line' id='line_1_52' title="bbox 119 4240 1271 4313; baseline 0.008 -21"><span class='ocrx_word' id='word_1_501' title='bbox 119 4242 258 4295; x_wconf 80' lang='lat' dir='ltr'>extruxit.</span> <span class='ocrx_word' id='word_1_502' title='bbox 281 4240 333 4295; x_wconf 89' lang='lat' dir='ltr'>ber</span> <span class='ocrx_word' id='word_1_503' title='bbox 343 4241 451 4298; x_wconf 83' lang='lat' dir='ltr'>Connex</span> <span class='ocrx_word' id='word_1_504' title='bbox 464 4243 595 4312; x_wconf 84' lang='lat' dir='ltr'>verlangt,</span> <span class='ocrx_word' id='word_1_505' title='bbox 609 4245 671 4301; x_wconf 93' lang='lat' dir='ltr'>dass</span> <span class='ocrx_word' id='word_1_506' title='bbox 722 4241 771 4298; x_wconf 85' lang='lat' dir='ltr'>aul</span> <span class='ocrx_word' id='word_1_507' title='bbox 791 4240 843 4298; x_wconf 90' lang='lat' dir='ltr'>den</span> <span class='ocrx_word' id='word_1_508' title='bbox 865 4245 995 4313; x_wconf 82' lang='lat' dir='ltr'>Ausgang</span> <span class='ocrx_word' id='word_1_509' title='bbox 1015 4247 1156 4304; x_wconf 87' lang='lat' dir='ltr'>binweist.</span> <span class='ocrx_word' id='word_1_510' title='bbox 1192 4245 1271 4304; x_wconf 88' lang='lat' dir='ltr'>Ueber</span> 
     </span>
    </p>

    <p class='ocr_par' dir='ltr' id='par_1_10' title="bbox 119 4309 1269 4384">
     <span class='ocr_line' id='line_1_53' title="bbox 119 4309 1269 4384; baseline 0.012 -27"><span class='ocrx_word' id='word_1_511' title='bbox 119 4319 180 4359; x_wconf 87' lang='lat' dir='ltr'>man</span> <span class='ocrx_word' id='word_1_512' title='bbox 206 4309 320 4363; x_wconf 83' lang='lat' dir='ltr'>biduum</span> <span class='ocrx_word' id='word_1_513' title='bbox 346 4310 385 4365; x_wconf 88' lang='lat' dir='ltr'>als</span> <span class='ocrx_word' id='word_1_514' title='bbox 416 4326 470 4367; x_wconf 87' lang='lat' dir='ltr'>acc.</span> <span class='ocrx_word' id='word_1_515' title='bbox 493 4320 575 4379; x_wconf 89' lang='lat' dir='ltr'>temp.</span> <span class='ocrx_word' id='word_1_516' title='bbox 603 4311 672 4369; x_wconf 85' lang='lat' dir='ltr'>lasst</span> <span class='ocrx_word' id='word_1_517' title='bbox 723 4312 859 4367; x_wconf 85' lang='lat' dir='ltr'>sustinuit</span> <span class='ocrx_word' id='word_1_518' title='bbox 881 4327 903 4368; x_wconf 94' lang='lat' dir='ltr'>c.</span> <span class='ocrx_word' id='word_1_519' title='bbox 922 4314 970 4370; x_wconf 87' lang='lat' dir='ltr'>inl.</span> <span class='ocrx_word' id='word_1_520' title='bbox 992 4332 1014 4371; x_wconf 90' lang='lat' dir='ltr'>s.</span> <span class='ocrx_word' id='word_1_521' title='bbox 1031 4312 1099 4372; x_wconf 82' lang='lat' dir='ltr'>llinl.</span> <span class='ocrx_word' id='word_1_522' title='bbox 1119 4313 1138 4384; x_wconf 71' lang='lat'>8</span> <span class='ocrx_word' id='word_1_523' title='bbox 1155 4320 1190 4370; x_wconf 80' lang='grc'>46</span> <span class='ocrx_word' id='word_1_524' title='bbox 1207 4314 1232 4371; x_wconf 87' lang='lat' dir='ltr'>b.</span> <span class='ocrx_word' id='word_1_525' title='bbox 1247 4310 1269 4379; x_wconf 75' lang='grc' dir='ltr'>β.</span> 
     </span>
    </p>
   </div>
   <div class='ocr_carea' id='block_1_5' title="bbox 44 4392 128 4496">
    <p class='ocr_par' dir='ltr' id='par_1_11' title="bbox 44 4392 128 4496">
     <span class='ocr_line' id='line_1_54' title="bbox 44 4392 128 4496; baseline 0 0"><span class='ocrx_word' id='word_1_526' title='bbox 44 4392 128 4496; x_wconf 60' lang='lat' dir='ltr'><strong>h</strong></span> 
     </span>
    </p>
   </div>
   <div class='ocr_carea' id='block_1_6' title="bbox 0 0 1387 4776">
    <p class='ocr_par' dir='ltr' id='par_1_12' title="bbox 0 0 1387 4776">
     <span class='ocr_line' id='line_1_55' title="bbox 0 0 1387 4776; baseline 0 0"><span class='ocrx_word' id='word_1_527' title='bbox 0 0 1387 4776; x_wconf 95' lang='lat' dir='ltr'> </span> 
     </span>
    </p>
   </div>
  </div>
 </body>
</html>
