2752 4776
150 248 212 313 160
600 248 632 310 o.
652 244 763 299 cunm
780 245 871 297 nuni

96 437 130 486 15
149 437 251 499 regem
275 420 305 479 in
328 418 432 479 castris
455 433 529 477 esse.
568 415 719 483 Ceterum.
750 420 774 478 si
799 417 875 478 forte
897 416 1113 478 Ariobarzanes
1135 414 1313 492 cognovisset

149 523 203 584 per
226 502 344 565 callium
366 500 516 562 anfractus
537 517 569 561 se
595 501 707 562 intrare
730 511 758 563 et
781 502 817 563 ad
840 499 1046 582 occupandum
1068 500 1231 562 iter-suum
1251 514 1312 577 par·

97 605 131 655 ec
149 599 210 651 tem
240 586 393 667 copiarum
422 593 596 665 temptasset
622 602 789 666 opponere,
818 585 958 648 Craterus
987 602 1054 645 eum
1082 582 1176 644 inlato
1205 589 1312 643 terrore

149 674 308 740 retineret,
342 670 379 732 ad
406 671 529 749 propius
555 669 720 749 periculum
748 688 965 732 conversurum
992 686 1114 747 agmen:
1146 667 1194 729 sin
1222 675 1311 728 autern
1344 734 1346 756 Ι

148 761 214 838 ipse
235 757 350 817 hostem
373 752 531 815 fefellisset
553 759 582 815 et
592 752 700 814 saltum
716 763 903 835 occupasset,
927 773 995 816 oum
1018 751 1231 832 trepidantium
1252 750 1311 812 bor·

150 843 292 903 banorum
321 837 478 901 tumultum
506 837 688 907 exaudisset,
722 856 907 918 persequens
941 847 1002 901 tum
1034 854 1136 916 regem
1164 835 1195 897 id
1223 836 1308 914 ipsura

149 930 222 997 iter,
246 943 305 1006 qoo
326 923 423 1003 pridie
446 921 524 1002 pulsi
544 922 675 991 fuerant,
698 939 736 984 ne
752 923 904 986 dubitaret
918 921 1048 1002 ingredi:
1071 922 1183 1001 quippe
1197 936 1307 981 vacuum

96 1027 132 1077 tt
151 1014 215 1073 iore
242 1008 375 1071 hostibus
402 1009 433 1068 in
460 1015 555 1070 semet
577 1008 696 1068 aversis.
748 1008 815 1087 lpse
843 1009 931 1069 tortia
953 1006 1050 1085 vigilia
1078 1003 1178 1067 silenti
1205 998 1324 1081 agminel

150 1115 185 1158 ac
206 1113 245 1156 ne
268 1092 338 1155 tuba
360 1092 480 1171 quidem
503 1091 571 1152 dato
587 1093 672 1170 signo
686 1094 784 1172 pergit
798 1092 835 1153 ad
859 1091 1093 1154 demonstratum
1114 1091 1174 1150 iter
1188 1086 1305 1151 callium:

99 1196 133 1247 ss
151 1180 241 1243 uidui
256 1176 394 1240 alimenta
416 1183 537 1256 portare
551 1174 673 1237 militem
696 1179 826 1238 iusserat
848 1175 952 1239 leviter
967 1183 1124 1237 armatum.
1161 1172 1221 1235 Sed
1234 1188 1306 1253 prae·

151 1273 197 1327 ter
219 1264 313 1324 invias
327 1278 419 1340 rupes
434 1278 468 1323 ac
490 1268 649 1341 praerupta
672 1277 756 1330 saxa,
779 1263 937 1340 vestigium
952 1259 1079 1323 subinde
1100 1257 1244 1328 fallentia,
1265 1258 1306 1317 nix

152 1346 298 1409 cumulata
313 1355 401 1406 rento
422 1344 624 1424 ingredientes
646 1344 801 1424 fatigabat:
825 1349 937 1427 quippe
959 1346 1039 1407 relut
1059 1345 1092 1404 in
1112 1342 1213 1407 foveas
1233 1340 1305 1401 delati

151 1431 366 1493 hauriebantur
399 1436 444 1499 et,
479 1446 546 1491 cum
580 1448 596 1492 a
624 1428 875 1492 commilitonibus
909 1430 1131 1499 adlevarentur,
1166 1424 1331 1507 trahebant*

100 1533 134 1583 rs
152 1517 247 1594 magis
269 1514 454 1583 adiuvantes,
478 1531 566 1594 quam
588 1513 798 1593 sequebantur.
838 1515 903 1577 Nox
924 1531 1044 1594 quoque
1066 1521 1097 1574 et
1117 1515 1219 1592 ignota
1239 1510 1304 1588 regio
1322 1514 1328 1541 '-

153 1619 188 1662 ac
215 1600 274 1661 dux
301 1632 345 1645 -
365 1600 513 1660 incertum
544 1615 580 1659 an
607 1599 679 1659 satis
706 1599 782 1662 lidus
809 1635 852 1645 -
881 1597 1114 1678 multiplicabant
1141 1592 1303 1659 metumzei

154 1683 292 1748 custodes
313 1681 479 1752 fefellisset,
503 1687 587 1761 quasi
601 1683 681 1745 feras
703 1681 812 1747 bestias
833 1687 915 1764 ipsos
936 1701 1024 1765 posse
1046 1680 1240 1761 deprehendi.
1272 1677 1304 1740 lit

152 1770 242 1831 unius
265 1767 371 1849 captivi
392 1766 438 1828 vel
460 1767 517 1828 fide
532 1765 578 1828 vel
600 1770 697 1830 anima
719 1768 852 1847 pendere
875 1775 904 1830 et
925 1770 1004 1847 regis
1027 1768 1154 1829 salutem
1178 1774 1208 1826 et
1227 1778 1303 1825 suan·
1322 1772 1332 1833 ζ

97 1868 135 1918 2ο
152 1853 286 1916 Tandem
308 1870 417 1913 venere
444 1853 473 1913 in
500 1853 612 1931 iugum.
665 1855 689 1913 d
712 1853 816 1916 dextra
837 1855 896 1915 iter
917 1852 953 1915 ad
982 1855 1079 1933 ipsum
1102 1849 1304 1914 Ariobarzanen

153 1949 226 2001 erat.
277 1936 332 1998 llic
354 1936 498 1999 Philotam
527 1944 556 1998 et
578 1937 698 1998 Coenon
728 1955 794 1999 cum
816 1938 941 2018 Amynta
964 1945 993 1998 et
1014 1935 1241 2015 Polyperconte,
1266 1948 1303 1993 er·

152 2023 282 2105 peditam
311 2020 454 2084 habentes
482 2039 618 2097 manum,
647 2022 799 2100 relinquit,
829 2023 971 2092 monitos,
1001 2029 1048 2097 ut,
1078 2021 1149 2099 quia
1176 2026 1206 2081 et
1230 2028 1304 2097 cquet

152 2108 245 2189 pediti
276 2107 335 2169 iret
369 2107 476 2167 mixtus
504 2115 534 2168 et
560 2124 649 2186 quam
677 2107 905 2186 pinguissimum
935 2115 1014 2167 essct
1041 2104 1138 2167 solum
1168 2112 1199 2166 et
1222 2096 1305 2183 pabuli

153 2192 266 2261 fertile,
297 2192 407 2253 sensim
435 2190 649 2271 procederent:
679 2191 769 2253 duces
796 2199 881 2254 erant
902 2192 1020 2253 itineris
1048 2189 1085 2250 de
1108 2188 1227 2268 captitis
1246 2182 1302 2245 dati·

100 2276 220 2357 21lpse
247 2293 315 2336 cum
338 2275 493 2353 armigeris
509 2284 539 2334 et
553 2273 613 2342 ala,
637 2291 726 2351 quam
748 2293 850 2354 agema
873 2274 1077 2356 appellabant,
1101 2269 1303 2335 arduaeemita.

154 2360 207 2421 scd
228 2358 345 2438 longius
367 2377 383 2418 a
405 2357 582 2419 stationibus
605 2358 733 2420 hostium
755 2368 869 2422 remota
884 2357 1055 2421 multacum
1077 2358 1231 2419 vexatione
1249 2368 1304 2433 pre

100 2457 136 2507 22
155 2445 254 2506 cessit.
297 2442 411 2505 Medius
434 2450 498 2503 erat
519 2442 581 2503 dies
604 2449 633 2501 et
661 2441 788 2522 fatigatis
810 2445 977 2507 necessaria
1001 2445 1098 2521 quies:
1128 2442 1237 2522 quippe
1255 2448 1304 2499 tan

154 2529 276 2591 tundem
298 2528 413 2589 itineris
435 2535 603 2607 supererat,
628 2535 770 2604 quantum
793 2530 905 2591 emensi
928 2537 1026 2598 erant,
1050 2526 1102 2588 sed
1118 2526 1217 2589 minus
1235 2536 1303 2604 pree·

101 2626 137 2677 23
155 2615 253 2694 cipitis
280 2621 368 2691 atque
398 2612 492 2673 ardui.
543 2611 645 2692 ltaque
672 2613 793 2676 refectis
821 2613 888 2675 cibo
916 2629 1079 2691 somnoque
1108 2608 1249 2671 militibus
1270 2620 1332 2675 se.

155 2699 252 2761 cunda
274 2698 371 2776 vigilia
395 2699 497 2775 surgit.
532 2696 568 2758 Et
589 2706 688 2759 cetera
712 2698 830 2776 quidem
852 2698 932 2759 haud
955 2713 1044 2775 aegre
1065 2696 1222 2775 praeterit:
1244 2698 1305 2753 cett·

154 2801 238 2853 rum,
262 2801 319 2863 qua
341 2801 373 2843 se
395 2784 538 2843 montium
561 2782 663 2860 iugum
685 2781 826 2862 paulatim
842 2783 877 2843 ad
901 2781 1034 2861 planiora
1057 2779 1199 2856 demittit,
1221 2778 1331 2856 ingens·

156 3038 597 3107 vg1.§.21.-rpeoiemonente.
614 3042 714 3100 Ueber·
767 3041 914 3099 ausziehen
926 3040 1036 3105 liessen.
1059 3038 1196 3096 helenlich
1209 3049 1309 3106 epus*
1332 3100 1335 3105 ¹

155 3115 244 3163 setze:
259 3122 289 3160 er
301 3104 373 3162 selle
386 3123 448 3162 zum
458 3107 556 3166 Schoin
570 3111 618 3166 das
628 3109 715 3177 Lager
767 3124 798 3166 se
818 3109 938 3166 uebatur
950 3112 974 3173 4,
987 3113 1011 3165 3.
1024 3112 1064 3164 10.

156 3174 291 3230 bestehen
302 3171 402 3238 lassen,
413 3175 442 3242 ia
454 3190 537 3242 sogar
550 3183 601 3233 etc.
800 3127 842 3233 39.
854 3179 1026 3233 incertum
1038 3191 1089 3230 en.
1111 3172 1173 3242 Vgl.
1186 3172 1242 3229 Liv.
1257 3164 1310 3225 nil

185 3258 714 3378 15.occupnerdumvorher'hesetzen,
766 3247 907 3301 infertum
923 3261 979 3311 fua
993 3243 1051 3310 fide
1062 3241 1207 3307 culfum,
1223 3238 1312 3295 well·
1341 3287 1346 3301 .

156 3327 213 3382 ihm
239 3332 313 3380 ‘vor
335 3331 448 3391 egen’;
467 3332 667 3395 temptasset
690 3345 714 3386 ο,
765 3318 874 3392 certum
895 3328 951 3380 quc
968 3304 1313 3390 miehiere‘ne.·aee·ehnt
1344 3350 1346 3359 .

156 3392 231 3450 infin.
244 3410 265 3448 s.
279 3391 348 3448 llinl.
361 3390 388 3460 S.
400 3392 463 3448 341).
765 3378 883 3435 Emlluss
902 3377 951 3435 auf
966 3377 1011 3435 dre
1024 3375 1222 3433 Constructton
1239 3381 1283 3436 ist,
1293 3384 1314 3427 tt
1344 3407 1346 3419 .

765 3447 833 3503 Einl.
854 3445 885 3570 ἓ.
908 3450 949 3502 50.
974 3475 1005 3484 —
1027 3443 1229 3513 fefellisset
1251 3438 1314 3499 dh
1344 3448 1346 3470 ¹

156 3546 228 3603 daun
259 3546 331 3602 ohne
363 3543 476 3601 Zweifel
510 3547 569 3602 sich
597 3547 714 3604 wenden
766 3506 1317 3649 ἒνέῃέθιθὶξιᾞὶὲῗῗξὲῗέἷὲξέῑξἑᾶθῖΐθὶι,

156 3611 263 3675 wordet
273 3630 303 3679 n.
313 3612 476 3679 fuerant,
493 3631 515 3670 s.
527 3614 599 3672 Einl.
610 3613 636 3683 S.
650 3614 714 3671 31d.
767 3649 838 3706 deun
851 3647 900 3706 auf
910 3647 1004 3704 peides
1016 3646 1077 3703 pam
1090 3663 1120 3704 eg
1132 3662 1176 3703 en.

179 3700 233 3777 ,lt
257 3697 380 3777 serenet
402 3700 547 3778 aeetae.
576 3700 646 3755 auco
670 3699 714 3755 bei
800 3711 1320 3785 21.armepertr,aenttrasptsto
1344 3738 1346 3743 ·

156 3764 438 3827 Lrv.;tubestrmmt
450 3767 526 3822 nicht
538 3783 572 3823 zu
585 3767 646 3824 dem
659 3771 715 3823 27.
766 3785 836 3840 nach
865 3786 939 3847 prm
969 3797 1088 3850 mma
1115 3804 1151 3826 Β
1209 3798 1225 3839 e
1254 3786 1321 3837 geste

156 3832 312 3914 ssflihlless·
332 3860 368 3923 ζ·
392 3835 462 3890 ἥθ’·
481 3834 635 3900 callium,
661 3834 715 3902 Vel·
768 3850 938 3909 Schwadron
951 3850 1000 3907 der
1009 3844 1323 3916 berittnenllohelgarde

158 3907 214 3957 tier
227 3900 318 3956 salius
332 3905 355 3956 3.
369 3904 392 3957 ἵ.
405 3906 430 3958 6.
767 3922 800 3986 (S.
814 3923 839 3975 4·
853 3922 892 3974 13·
904 3917 959 3985 25).

193 3988 233 4040 18.
246 3989 327 4041 vest.
338 3984 520 4052 fallentia,
534 3986 716 4054 genauwiet.
801 3990 844 4042 22.
856 3988 899 4041 mi
905 3982 1323 4053 nuemdvnuproecuordui.

158 4052 716 4121 9.18;infoeeesvgl.3.19.—hou-
801 4057 842 4106 23.
866 4058 1001 4119 cetero,
1026 4052 1071 4110 die
1094 4050 1194 4120 ilbrlge
1216 4048 1325 4107 Streelre

160 4119 717 4200 elebantursssioversanken',wie
768 4120 816 4176 des
828 4119 938 4188 Weges.
955 4149 989 4158 -
1005 4137 1047 4176 ru
1077 4118 1265 4176 eret=ob·
1285 4118 1327 4173 ia·

157 4187 318 4254 pareatibus
334 4187 450 4268 hauriri
465 4193 490 4246 4.
503 4193 544 4245 16.
557 4193 597 4246 16.
614 4217 648 4227 -
664 4205 717 4247 se·
768 4194 936 4255 tere-operat
951 4187 989 4244 ist
1005 4188 1033 4244 ln
1046 4137 1136 4244 ὤθεον
1149 4160 1327 4251 tertiatione

160 4254 368 4334 quebanntur,
382 4272 434 4324 erg.
451 4255 492 4313 als
506 4256 568 4313 dass
581 4256 621 4336 sie
633 4257 716 4313 ihnen
768 4254 1081 4379 poetisch3denneiam
1093 4269 1261 4311 cuneorum
1295 4265 1328 4307 re

159 4321 257 4386 (obrem
270 4321 380 4388 Ztehen)
398 4323 565 4391 nachgahen,
582 4324 641 4380 sich
654 4324 717 4379 her·
789 4321 1094 4379 e1L1v.he1sst=sieh
1109 4320 1185 4379 liahn
1198 4319 1266 4379 hrec
1287 4336 1329 4377 en.

192 3481 499 3534 tornamentorum
510 3478 714 3536 =daderselbo
