2752 4776
147 244 210 308 134
594 246 626 306 q.
647 243 759 295 enarr
777 242 865 293 nura

146 425 209 476 tum
242 415 394 493 peregrini
425 413 547 474 milites:
581 412 667 472 buius
701 413 825 490 agminis
857 413 997 491 princeps
1023 412 1165 490 Amyntas
1197 409 1306 480 aberat,

96 501 129 550 29
145 499 302 578 Philippus
322 497 438 560 Balacri
460 515 512 558 eos
533 496 658 575 regebat
684 499 715 556 in
742 497 915 558 societatem
938 513 1032 575 nuper
1055 494 1194 556 adscitos.
1231 493 1310 555 llaec

147 584 243 642 dextri
258 600 369 643 cornus
389 583 480 643 facies
503 588 573 641 erat.
612 581 645 641 ln
667 580 749 641 laevo
771 579 910 641 Craterus
929 579 1178 659 Peloponnesium
1199 578 1311 655 equites

146 665 275 726 habebat
289 667 473 727 Achaeorum
489 674 519 726 et
533 665 725 726 Locrensium
742 673 771 725 et
785 663 912 724 Malieon
927 665 1033 724 turmis
1057 657 1137 746 [sibi]
1155 662 1310 723 adiunctis.

96 755 129 804 30
145 751 207 810 Hos
234 749 368 812 Thessali
401 751 514 829 equites
547 747 723 810 claudebant
756 748 892 828 Philippo
926 747 1010 808 duce.
1064 747 1201 807 Peditum
1234 749 1312 807 acies

147 835 279 913 equitatu
299 835 463 912 tegebatur.
498 834 595 895 Frons
616 833 691 893 laevi
714 850 820 892 cornus
843 832 916 893 haec
940 839 1011 894 erat.
1049 831 1108 892 Sed
1130 848 1169 891 ne
1184 831 1312 892 circum·

145 920 183 978 iri
209 926 348 998 possete
375 918 578 987 multitudine,
613 916 749 978 ultimum
777 935 882 994 agmen
920 915 1014 976 valida
1044 933 1133 976 manu
1168 916 1311 975 cinxerat

148 1003 265 1064 Cornua
295 1021 414 1083 quoque
441 1003 579 1064 subsidiis
607 1001 734 1061 firmavit
766 1018 827 1060 non
850 1009 930 1062 recta
957 1001 1071 1069 fronte,
1102 999 1193 1059 seda
1220 997 1313 1061 latere

146 1090 266 1166 positis,
289 1096 336 1158 ut,
360 1090 385 1148 si
406 1086 501 1147 hostis
516 1087 731 1146 circumvenire
746 1086 840 1146 aciem
863 1091 1048 1163 temptasset,
1071 1092 1175 1163 parata
1197 1100 1313 1163 pugnae

96 1186 128 1235 31
147 1171 256 1232 iurent.
300 1172 355 1231 Hic
377 1170 497 1249 Agriani
520 1176 618 1238 erant,
648 1169 754 1248 quibus
775 1167 888 1230 Attalus
910 1176 1063 1248 praeerat,
1093 1167 1241 1229 adiunctis
1269 1186 1315 1229 sa·

146 1257 273 1332 gittariis
301 1253 500 1315 Cretensibus.
544 1252 667 1314 Ultimos
697 1252 817 1313 ordines
845 1255 949 1313 avertit
976 1272 994 1314 a
1021 1251 1133 1322 lronte,
1161 1257 1194 1311 ut
1220 1258 1314 1313 totam

147 1340 240 1398 aciem
268 1337 342 1398 orbe
368 1340 509 1398 muniret.
563 1335 654 1416 lllyrii
686 1338 735 1398 hic
762 1344 848 1398 erant
880 1337 1017 1398 adiuncto
1048 1335 1142 1396 milite
1176 1334 1316 1398 mercede

97 1428 131 1478 32
148 1421 309 1496 conducto,
333 1421 464 1482 Thracas
487 1438 605 1500 quoque
628 1422 716 1482 simul
738 1420 889 1483 obiecerat
909 1421 1013 1484 leviter
1036 1428 1175 1482 armatos.
1218 1418 1315 1481 Adeo·

147 1525 205 1585 que
226 1506 318 1567 aciem
345 1505 521 1566 versabilem
542 1507 653 1585 posuit,
683 1513 730 1576 ut,
760 1509 811 1582 qui
834 1504 929 1566 ultimi
957 1505 1089 1575 stabant,
1118 1523 1159 1565 ne
1186 1505 1315 1565 circum·

148 1592 278 1660 irentur,
302 1592 378 1650 verti
400 1598 499 1651 tamen
522 1598 551 1651 et
571 1593 603 1651 in
625 1591 754 1651 frontem
777 1591 939 1669 circumagi
960 1597 1091 1669 possent.
1129 1589 1233 1668 ltaque
1255 1606 1316 1650 nou

96 1689 129 1739 33
146 1675 257 1752 prima,
282 1690 369 1750 quam
390 1673 497 1743 latera,
521 1692 581 1735 non
604 1675 696 1735 latera
717 1676 876 1735 munitiora
898 1674 999 1745 luere,
1023 1691 1109 1752 quam
1132 1680 1227 1753 terga.
1264 1672 1359 1744 ffisal

145 1760 186 1818 ita
209 1757 353 1819 ordinatis
375 1760 533 1837 praecipit,
557 1767 604 1828 ut,
627 1760 653 1818 si
682 1758 804 1821 falcatos
826 1776 932 1820 currus
955 1775 1024 1820 cum
1045 1758 1165 1819 fremitu
1194 1756 1317 1819 barbari

148 1843 330 1913 emitterent,
365 1845 423 1922 ipsi
456 1843 560 1903 laxatis
588 1842 745 1904 ordinibus
777 1845 922 1922 impetum
948 1844 1167 1904 incurrentium
1196 1840 1316 1904 silentio

148 1929 334 2006 exciperent,
357 1926 436 1987 haud
459 1925 566 1988 dubius
588 1929 652 1988 sine
674 1946 750 1988 noxa
778 1935 1018 1997 transcursuros,
1048 1929 1184 1987 sinemo
1207 1943 1240 1987 33
1264 1945 1316 2006 op-

146 2021 287 2089 poneret:
311 2013 356 2072 sin
378 2019 476 2072 autem
499 2012 563 2072 sine
584 2012 705 2072 fremitu
726 2013 920 2086 inmisissent‚
952 2029 1002 2072 eos
1024 2011 1080 2090 ipsi
1102 2010 1234 2072 clamore
1256 2017 1317 2071 ter·

27 2166 32 2171 ,
96 2108 130 2159 34
146 2104 248 2156 rerent
269 2096 450 2174 pavidosque
472 2113 564 2174 equos
593 2096 657 2156 telis
678 2098 828 2175 utrimque
850 2092 1043 2157 suffoderent.
1095 2095 1152 2167 Qui
1173 2093 1318 2156 cornibus

147 2188 319 2256 praeerant,
344 2179 505 2242 extendere
520 2197 555 2240 ea
570 2181 656 2249 iussi,
679 2183 718 2240 ita
733 2189 767 2241 ut
781 2198 838 2241 nec
853 2181 1155 2250 circumvenirentur,
1178 2181 1203 2240 si
1223 2180 1316 2241 artius

51 2324 56 2331 ,
97 2274 130 2325 33
148 2270 276 2332 starent,
304 2281 360 2323 nec
390 2272 488 2324 tamen
509 2263 585 2323 ultra
608 2264 728 2326 modum
751 2265 844 2324 aciem
867 2265 1063 2325 exinanirent.
1111 2262 1317 2342 Inpedimenta

148 2363 217 2406 eum
232 2348 368 2425 captivis,
392 2348 470 2406 inter
486 2365 561 2426 quos
575 2355 670 2408 mater
692 2347 837 2426 liberique
852 2348 942 2409 Darei
957 2346 1215 2420 custodiebantur,
1237 2345 1319 2409 haud

100 2498 104 2504 ,
147 2428 253 2508 procul
275 2432 337 2490 acie
359 2432 391 2491 in
413 2430 492 2490 edito
515 2429 589 2492 colle
608 2433 759 2492 constituit
779 2432 897 2493 modico
919 2431 1067 2510 praesidio
1088 2431 1205 2493 relicto.
1241 2431 1318 2493 Lae·

147 2532 216 2575 vum
232 2532 339 2583 cornu,
364 2516 440 2575 sicut
462 2513 548 2585 alias,
570 2514 761 2576 Parmenioni
775 2517 919 2578 tuendum
943 2517 1056 2577 datum:
1080 2517 1190 2596 ipsein
1215 2515 1320 2577 dextro

148 2598 252 2659 stabat.

96 2694 130 2743 33
231 2683 368 2744 Nondum
391 2682 558 2745 adiectum
582 2682 632 2743 teli
654 2692 865 2761 pervenerant,
889 2702 958 2745 cum
979 2686 1055 2745 Bion
1078 2683 1198 2762 quidam
1222 2690 1320 2745 trans-

148 2897 591 2956 istdieStelleemendirtworden.
602 2915 703 2967 pere·
752 2903 853 2956 timos
866 2898 947 2956 nimi.
957 2900 1005 2955 (133
1016 2917 1033 2954 3
1045 2898 1136 2954 latere
1143 2901 1321 2964 positorumr

147 2964 511 3042 prinihierwohinur=
527 2969 622 3023 nicht
638 2984 703 3023 ma·
755 2967 800 3023 die
828 2975 920 3023 ersten
949 2966 1050 3022 Rotten
1080 2965 1226 3032 (Agrianer
1256 2965 1320 3034 eto)

149 3030 340 3086 cedoursch.
381 3033 468 3088 Ueber
492 3033 536 3089 die
559 3034 703 3090 unlreilbar
756 3035 840 3090 sehon
853 3034 923 3090 nach
935 3035 1027 3090 rechts
1041 3050 1069 3088 u.
1083 3033 1169 3095 linhs;
1183 3032 1321 3099 (1131331-

148 3096 294 3152 verderbte
303 3096 390 3153 Stelle
402 3117 423 3154 3.
437 3099 490 3155 den
502 3100 565 3156 luit.
578 3101 701 3168 Anhang.
756 3102 808 3157 che
820 3102 913 3157 hinter
925 3101 974 3157 der
986 3099 1155 3168 Hauptiront
1173 3117 1207 3155 au
1220 3101 1322 3157 slehen

148 3164 236 3220 Ueber
249 3164 372 3220 aberat
383 3183 404 3220 s.
417 3170 441 3221 6.
453 3171 494 3222 30.
756 3167 852 3224 kamen
866 3167 964 3236 (illyrii
978 3165 1042 3234 etc.)
1056 3167 1125 3222 nach
1137 3167 1245 3224 hinteu.

183 3235 223 3286 29.
236 3231 595 3288 Crateras—babebat
608 3249 704 3289 ausser
790 3240 831 3290 32.
849 3235 1073 3299 versabilem,
1094 3235 1165 3289 auch
1187 3237 1213 3288 3.
1237 3237 1321 3297 8.14,

147 3299 252 3354 seinem
264 3296 312 3365 (6.)
324 3298 468 3365 Regiment
479 3317 506 3356 u.
523 3300 576 3355 den
588 3300 705 3369 dbrigen
758 3302 879 3365 nachcl.;
893 3319 909 3356 v
928 3302 946 3357 l.
952 3303 1086 3358 versatile
1095 3303 1251 3368 inpensam,
1264 3300 1322 3357 hir.

148 3365 530 3445 Pusstruppen,s.Arr.a.a.0.
543 3367 705 3424 Malieon.
758 3374 799 3425 39.
809 3374 850 3425 40.
860 3373 884 3423 5.
909 3317 989 3426 §inat
1002 3368 1045 3424 die
1056 3369 1148 3424 ultimi
1157 3368 1246 3434 (3.31)
1258 3367 1285 3424 d.
1295 3368 1322 3425 h.

147 3432 707 3569 il¹⁰i¹hilltla¹lhl⁰¹¹3miiitllllk
758 3435 1322 3570 tt)lttrlartlttthtttrltttt

149 3566 225 3624 Sohn
238 3566 285 3623 des
298 3566 443 3623 Menelaus.
698 3545 705 3564 ’
759 3570 829 3626 doch
842 3570 927 3625 leicht
939 3570 1026 3626 llehrt
1038 3570 1107 3626 nach
1117 3545 1320 3626 vorn’machen.

182 3634 706 3700 30.tegebaturd.h.nahmdiellitte
757 3666 791 3674 —
800 3639 928 3705 prima,
943 3637 1013 3693 ‘das
1030 3634 1321 3699 Vordertrelleu',

148 3702 194 3757 ein
206 3701 261 3756 und
279 3701 322 3756 die
334 3700 427 3756 Reiter
440 3700 484 3757 die
501 3701 616 3765 Plauke3
632 3703 706 3758 thul.
758 3705 801 3759 die
812 3711 885 3760 erste
896 3704 995 3768 Pront;
1009 3721 1040 3759 so
1048 3706 1181 3783 primum,
1188 3707 1281 3824 primi
1288 3727 1322 3747 =

147 3768 707 3892 attrebatensis
756 3770 1186 3895 carceraretur.
1208 3772 1318 3906 Aba·

149 3903 236 3958 durch
254 3903 314 3958 eine
332 3899 456 3970 δευτέρα
472 3896 564 3968 τάξις,
582 3902 626 3958 die
637 3904 707 3959 nach
758 3907 835 3961 siae
848 3922 940 3961 noxa
951 3905 1005 3959 wie
1018 3905 1088 3961 auch
1100 3920 1196 3961 noxae
1208 3920 1274 3961 esse
1286 3927 1320 3948 =

149 3969 276 4025 Befinden
292 3970 362 4025 nach
379 3970 475 4026 hinten
491 3970 577 4026 llehrt
593 3971 707 4026 macheu
759 3972 911 4027 schaden
923 3972 1010 4027 sehon
1022 3971 1067 4028 bei
1080 3970 1147 4030 Sall.

148 4035 707 4105 ineunte—alatere.ineinemBogen
791 4042 833 4093 34.
857 4039 955 4094 altra
977 4040 1120 4102 modum,
1148 4039 1233 4095 iiber
1259 4039 1318 4094 (13-

148 4102 218 4156 nach
235 4102 331 4158 himen
355 4098 538 4169 (ἕπικάμπιος
554 4097 656 4173 τάξις).
673 4134 706 4143 -
758 4103 1158 4169 buhr,auchCic.;zurSache
1170 4107 1317 4174 vgl.14.14.

150 4172 354 4235 temptasset
365 4188 389 4225 3.
401 4170 587 4237 1131134133
598 4190 706 4239 para·
791 4174 833 4227 35.
845 4175 941 4227 inter
951 4188 1036 4239 quos
1049 4172 1151 4229 sEinl.
1164 4170 1230 4240 §.36
1240 4175 1317 4227 Anm.

149 4239 182 4288 ta
195 4239 253 4290 s.4.
266 4239 305 4291 14.
791 4243 834 4295 36.
846 4245 1025 4305 potuerat:
1039 4239 1319 4310 dasplptmitssemg

183 4305 224 4357 31.
235 4301 290 4358 tic
302 4325 335 4346 =
346 4305 378 4359 in
386 4303 433 4360 his
445 4305 590 4362 subsidiis.
607 4334 639 4342 -
651 4305 706 4362 ul·
758 4304 806 4360 aul
814 4305 858 4362 ein
868 4305 1118 4364 vorschwebendes
1128 4308 1274 4363 (31333133.
1285 4333 1320 4343 -—
