2752 4776
153 240 216 307 114
655 257 689 319 o.
711 254 815 305 eunus
836 256 917 305 eurr

153 421 249 475 castra
272 415 371 493 posuit
393 411 508 491 lateque
531 412 628 491 ignes,
653 421 684 471 ut
701 412 829 492 speciem
846 410 1043 473 multitudinis
1057 420 1201 491 augeret,
1225 424 1320 475 osten·

153 498 210 566 dit,
235 499 365 559 clamore
388 515 505 577 quoque
528 516 563 558 ac
583 499 630 556 sui
652 498 742 557 moris
764 495 877 559 ululatu
906 496 1071 559 identidem
1094 497 1321 575 adquiescentes

99 600 134 649 25
152 583 328 643 Macedonas
355 581 464 642 frustra
491 590 606 642 terrere
628 589 761 645 conatus,
803 581 865 641 lam
893 580 945 643 lux
966 580 1141 660 adpetebat,
1173 601 1243 645 cum
1270 602 1319 645 rex

151 667 276 728 fiduciae
300 685 333 728 ac
367 668 432 747 spei
463 666 569 745 plenus
598 665 711 727 alacres
738 665 851 727 milites
878 684 960 727 arma
982 684 1093 745 capere
1121 678 1152 729 et
1183 670 1266 729 exire
1291 670 1319 729 in

152 755 246 812 aciem
275 751 366 813 iubet.
417 750 476 811 Sed
498 784 540 795 —
566 750 645 811 haud
673 750 799 811 traditur
826 759 947 812 metune
975 769 1012 811 an
1042 751 1150 813 oborta
1179 752 1320 813 seditione

99 851 133 901 26
152 838 230 897 iuter
251 838 331 916 ipsos
355 869 393 879 -
416 834 516 896 subito
543 834 740 914 profugerunt
767 833 903 896 barbari:
933 844 1016 896 certe
1044 838 1127 897 avios
1151 844 1269 899 montes
1290 846 1319 899 et

150 922 297 1002 inpeditos
319 928 552 999 occupaverunt,
582 938 708 1000 quornm
731 934 837 996 agmen
859 939 913 980 rex
938 920 1049 982 lrustra
1076 930 1254 1000 persecutns
1273 923 1318 982 in·

150 1006 319 1085 pedimenta
343 1008 431 1084 cepit.

233 1090 411 1151 Perventum
434 1089 542 1150 deinde
565 1097 609 1148 est
630 1088 666 1149 ad
689 1088 830 1168 oppidum
854 1089 1069 1160 Sudracarum,
1096 1092 1131 1150 iu
1154 1089 1234 1169 quod
1252 1090 1344 1171 ple-ll

149 1176 234 1256 rique
257 1176 468 1252 confugerant,
492 1173 570 1234 haud
594 1177 706 1233 maiore
728 1174 838 1235 fiducia
858 1176 1024 1243 moenium,
1048 1192 1140 1253 quam
1159 1193 1311 1236 armorum.

100 1272 132 1321 ‘27
153 1260 212 1321 lam
236 1259 409 1320 admovebat
433 1277 501 1329 res,
533 1276 600 1319 eum
623 1268 704 1318 vates
725 1276 848 1319 monere
877 1277 944 1320 eum
975 1260 1090 1339 coepit,
1121 1278 1161 1320 ne
1186 1263 1312 1321 commit·

149 1352 226 1406 teret
247 1351 298 1404 aut
320 1352 401 1404 certe
425 1343 558 1403 dilierret
580 1341 780 1404 obsidionem:
810 1346 887 1403 vitae
910 1345 973 1404 eius
998 1343 1170 1422 periculum
1194 1344 1310 1407 ostendi.

97 1440 131 1489 28
148 1429 210 1489 Res
233 1428 467 1508 Demophontem
490 1461 532 1471 —
554 1430 580 1487 is
602 1444 729 1507 namque
751 1435 831 1488 vates
854 1436 981 1489 6661-
1001 1430 1133 1503 intuens,
1163 1428 1211 1490 ‘Si
1232 1432 1310 1509 quis',

148 1515 262 1591 inquit,
291 1517 332 1572 ‘te
355 1513 412 1572 arti
439 1521 507 1572 tuae
534 1512 680 1572 intentum
709 1521 739 1572 et
767 1519 834 1573 exta
862 1519 1047 1591 spectantem
1068 1515 1116 1573 sic
1137 1512 1308 1593 interpellet.

148 1616 207 1657 hon
236 1596 384 1664 dubitem,
419 1599 488 1674 quin
521 1596 727 1657 incommodus
755 1615 788 1658 ac
821 1597 963 1657 molestus
991 1596 1086 1657 videri
1118 1597 1176 1658 tibi
1204 1600 1308 1678 possit’

96 1693 130 1742 29
147 1682 184 1743 Et
207 1699 274 1742 cum
302 1679 353 1741 ille
376 1682 425 1740 ‘ita
447 1699 570 1759 prorsus
592 1681 738 1741 futurum'
762 1682 977 1760 respondisset,
1001 1680 1191 1753 ‘Censesne',
1214 1684 1329 1763 166611,-

147 1768 255 1827 ‘tantas
276 1782 341 1835 res,
374 1784 433 1826 non
467 1765 613 1845 pecudum
636 1764 726 1826 libras
757 1774 825 1827 ante
848 1766 950 1827 oculos
978 1765 1102 1828 habenti
1130 1766 1227 1829 ullum
1251 1784 1331 1841 esc¹

94 1862 129 1911 36
147 1851 243 1911 maius
275 1850 525 1930 inpedimentum,
559 1869 647 1929 quam
679 1858 772 1910 vatem
807 1853 1016 1928 superstitione
1051 1853 1206 1929 captumi'
1255 1844 1328 1935 ileos

147 1936 272 2004 diutius,
299 1953 385 2014 quam
408 1934 577 2015 respondit,
606 1940 737 1996 moratus
766 1935 916 1996 admoveri
943 1935 1026 1995 iubet
1053 1934 1148 1996 scalas
1178 1944 1305 1998 cunctan-

148 2021 285 2099 tibusque
317 2021 424 2081 ceteris
458 2019 554 2081 evadit
585 2021 615 2078 in
644 2038 772 2079 murum.
822 2022 951 2098 Angusta
981 2021 1061 2081 muri
1094 2038 1210 2081 corona
1238 2027 1300 2082 erat:

146 2124 205 2166 non
233 2107 341 2185 pinnae
375 2107 451 2165 sicut
477 2103 548 2165 alibi
579 2104 728 2182 fastigium
758 2107 821 2165 eius
848 2104 1056 2174 distinxerant,
1089 2104 1143 2166 sed
1172 2112 1301 2187 perpetua
1333 2169 1337 2177 ,

145 2288 220 2343 baut.
243 2317 276 2326 -
302 2286 385 2350 late,
415 2287 454 2342 ‘in
485 2287 573 2342 einem
602 2288 704 2342 weiten
756 2288 1202 2356 tiumcommittere=ineipere
1227 2288 1301 2346 Ueber

145 2354 304 2411 Umlreise’.
345 2354 500 2410 Ostendere
527 2355 635 2421 aliquid
654 2355 704 2409 ho·
756 2355 799 2410 die
816 2355 982 2423 llrganzung
1003 2372 1056 2410 von
1078 2362 1111 2411 ut
1128 2373 1178 2413 ans
1197 2372 1231 2413 ne
1247 2373 1267 2411 s.
1281 2360 1299 2407 7.

145 2424 235 2479 stibus
258 2424 295 2478 ist
316 2421 395 2477 milit.
421 2432 440 2478 t.
462 2431 481 2477 t.
504 2445 538 2465 =
565 2429 630 2477 ante
653 2423 703 2477 bo·
756 2429 778 2476 1.
797 2427 843 2483 38;
862 2428 885 2478 8.
906 2429 927 2478 1.
944 2429 984 2480 48,
1003 2426 1190 2480 —ostendi
1205 2440 1301 2491 ερον·

144 2494 230 2547 stium
255 2491 352 2546 oculos
374 2490 482 2558 aliquid
502 2492 537 2546 de
559 2492 704 2546 industria
754 2492 843 2553 tendi,
861 2492 915 2546 wie
933 2496 956 2545 7.
975 2495 1047 2546 121
1067 2509 1093 2547 u,
1108 2496 1135 2548 o.
1152 2521 1186 2530 -
1205 2498 1300 2553 votes,

143 2560 258 2627 facere,
289 2573 405 2626 parcre.
435 2588 468 2595 -
501 2560 558 2613 sui
586 2560 701 2618 moris,
754 2558 803 2613 der
828 2558 910 2614 Name
937 2558 1009 2625 iolgt
1036 2554 1054 2627 S
1080 2563 1123 2616 28.
1172 2559 1299 2615 ilerden

144 2628 198 2682 wic
217 2632 241 2682 1.
261 2632 301 2680 10.
320 2632 336 2680 6
355 2650 388 2669 =
404 2628 495 2693 patrii
517 2627 604 2680 moris
622 2625 657 2691 (4.
677 2628 700 2679 1.
752 2626 827 2681 Alex.
853 2634 1034 2682 vertrauteste
1062 2626 1229 2694 Wahrsager
1251 2642 1299 2681 war

145 2699 159 2747 7
178 2712 203 2750 u.
223 2694 269 2762 (1.).
300 2694 364 2750 Hier
378 2697 416 2750 ist
434 2694 482 2749 der
494 2693 638 2748 husdruclr
651 2710 701 2747 un·
754 2693 802 2748 der
814 2694 955 2749 mehriach
975 2693 1078 2748 hereits
1095 2696 1235 2750 erwahnte
1250 2693 1299 2748 liri·

144 2762 281 2818 nntrirlich
311 2763 360 2819 mit
389 2763 546 2827 Beziehung
579 2761 628 2815 aul
658 2762 701 2815 ein
753 2761 872 2816 stander.

144 2831 358 2897 singularisches
389 2829 512 2895 Suhjelt.
540 2853 573 2865 -
600 2831 701 2883 exire
786 2865 828 2915 23·
857 2863 971 2918 videri
1086 2867 1208 2927 possit·
1257 2861 1299 2916 Μ

142 2901 174 2952 in
195 2898 287 2953 locum
309 2899 345 2953 ist
367 2896 472 2964 haulig,
500 2894 565 2953 aber
586 2896 614 2950 in
639 2896 701 2951 Ver·
753 2927 912 2997 heigeffigte
938 2945 1024 2996 posse
1054 2931 1132 2998 giem
1164 2930 1298 2999 ἕρπω-

143 2964 270 3087 Ῑᾶξῗὲῃέξε
284 2966 428 3089 Ῑῧῑθῑδῧξῆθέ
446 2965 483 3021 ist
504 2965 614 3030 ‘'mm'’
637 2980 702 3030 Μ’
753 3012 860 3052 massen
878 2998 930 3052 den
943 2998 1134 3064 griechischen
1152 2995 1298 3069 potentialis

177 3134 218 3187 26.
237 3139 331 3188 certo
347 3156 381 3176 =
404 3130 610 3200 ‘Jedenialls’
634 3150 655 3187 s.
677 3136 701 3187 8.
754 3064 1015 3188 mppepensesne
1033 3133 1300 3189 wichwertum.

144 3204 183 3255 1o.
201 3203 240 3252 36.
274 3201 324 3255 llas
342 3199 518 3256 Entweichen
536 3200 564 3253 in
587 3216 700 3266 unweg-
751 3198 883 3254 Deutsch:
910 3199 1044 3268 begreiist
1070 3201 1108 3256 du
1132 3202 1220 3268 nicht,
1246 3202 1299 3257 dass

143 3283 216 3322 same
248 3266 365 3334 Gebirge
399 3268 448 3320 mit
479 3265 700 3334 Zumicklassung
751 3265 829 3321 bein
848 3277 898 3322 etc.

142 3333 699 3458 ltiltlhlfltltltttllittet?
749 3370 1300 3495 ,3⁰pgfpg'upglgpggpggpgpp

141 3469 698 3599 6666166616666.
750 3502 1000 3639 plpffightttt·
1013 3505 1300 3641 ,tutundit

142 3608 279 3670 erwahnt,
299 3605 518 3662 derseinerseits
531 3607 633 3673 gewiss
648 3607 698 3660 mit
749 3655 845 3705 quam
869 3638 923 3706 ,gl-
946 3657 968 3692 z,
990 3640 1018 3694 Β,
1044 3638 1120 3697 Caes·
1138 3638 1164 3695 b¹
1183 3657 1210 3709 g,
1233 3647 1255 3699 1·
1271 3644 1299 3692 53

750 3721 839 3772 neque
878 3709 961 3776 prius
999 3707 1102 3773 supere
1137 3709 1300 3765 destiterunt

748 3790 831 3839 quam
865 3775 904 3829 od
935 3776 1041 3840 flumen
1074 3775 1209 3832 Rhenum
1239 3791 1299 3845 pcr-

749 3848 888 3896 nenertmt
900 3842 955 3897 und
968 3852 1053 3897 unten
1071 3847 1095 3897 5.
1108 3848 1142 3895 30
1160 3860 1214 3900 nec
1222 3846 1299 3912 prior

748 3916 933 3963 recesserunt
954 3928 1039 3976 quam
1060 3917 1235 3977 compertum
1254 3916 1300 3968 est.

140 3675 227 3730 Recht
250 3676 294 3730 die
320 3674 449 3798 iolfieudc
467 3673 639 3741 belagerung
661 3674 697 3728 im

142 3741 238 3798 Gebict
260 3743 308 3798 der
329 3743 353 3797 ll
381 3741 451 3807 1118
475 3743 516 3805 16)
539 3740 697 3797 stattlinden

139 3810 216 3867 lesst.
234 3839 268 3848 -
283 3812 427 3875 fiducia.
462 3809 515 3865 ller
532 3808 624 3864 blosse
642 3809 697 3863 Ab·

140 3877 206 3933 lativ
226 3879 264 3932 ist
285 3878 361 3932 nicht
383 3876 508 3944 auiiillig
528 3893 625 3942 wegeu
648 3877 696 3931 des

141 3945 335 4001 heistehenden
376 3944 520 4000 Afflflfflts·
578 3943 637 4011 vgl·
672 3949 697 4001 3·
747 4003 781 4015 —-
810 3977 1063 4033 distinxerant.
1103 3979 1151 4034 Die
1180 3978 1298 4036 Personi·

142 4018 238 4069 1212.
747 4042 859 4100 filation
893 4061 948 4100 von
973 4047 1064 4111 pinna
1093 4064 1119 4101 u.
1150 4047 1242 4103 lorica
1268 4047 1299 4101 ist

174 4118 214 4166 27.
242 4129 281 4169 ne
308 4117 533 4169 committeret
640 4114 696 4169 ob·
747 4111 897 4166 hortensis
917 4112 1299 4177 z.B.9.19dievonoolles,

140 4182 321 4243 sidionem,
345 4182 405 4237 eine
428 4189 508 4237 sonst
525 4181 601 4236 wohl
620 4182 695 4236 nicht
747 4182 805 4234 5.4
826 4195 880 4234 von
904 4181 998 4235 arbor.
1039 4180 1184 4237 Vielleicbt
1209 4183 1246 4238 ist
1270 4196 1299 4235 zu

140 4244 250 4303 fibliche
288 4248 477 4314 Verbindung,
516 4247 586 4303 doch
628 4265 695 4314 ganz
746 4245 834 4302 lesen:
853 4263 909 4302 non
927 4250 1018 4313 pinno
1036 4247 1187 4314 (collehtiv)
1205 4251 1300 4306 distic·

138 4313 239 4380 analog
259 4316 311 4371 deu
332 4315 453 4371 Phrasen
476 4316 589 4378 bellum,
612 4331 694 4382 proe-
746 4320 866 4380 serant,
884 4316 936 4371 sed
1018 4323 1198 4383 saepserunt.
