2752 4776
396 250 640 298 ntsnomanon
661 251 868 299 annnannm
889 253 928 307 x,
952 250 977 300 4.
1208 238 1270 302 att

99 403 279 481 supervenit
293 422 363 465 cum
376 403 490 483 aipinti
503 404 742 484 sapittariorum
760 402 1020 485 funditorumque
1034 405 1170 485 miiibm,
1194 426 1272 487 quos

100 505 138 548 ea
158 504 221 549 sna
241 487 412 566 procincia
438 491 584 567 coeperat.
628 484 694 550 His
715 508 776 568 per
802 490 970 552 exercitum
997 490 1172 553 distributis
1192 510 1270 570 pro-

97 570 197 648 sedas
218 574 263 633 est
280 568 399 649 oasin)
423 574 452 633 et
467 570 595 652 Tipride
617 591 710 634 avmrie
730 574 915 635 transmisso
937 575 1025 653 apud
1041 573 1144 638 Caras
1166 579 1271 637 castra

98 657 235 716 rrietatns
261 658 321 717 est:
348 655 422 717 inde
450 655 627 734 quadriduo
648 675 710 735 per
731 654 909 720 Sittacenen
930 657 1032 721 ductis
1059 659 1156 738 copiis
1176 657 1270 722 Sarn-

99 737 188 801 bana
203 739 369 817 processit,
392 738 448 802 abi
464 758 524 820 per
539 743 652 819 septem
667 739 733 802 dies
754 741 892 819 quietam
906 761 1019 822 aqmen
1040 743 1147 805 taiadi.
1198 742 1271 806 Tri-

98 822 157 884 dui
180 821 292 885 deinde
313 823 424 885 itinere
445 841 565 886 emenso
590 821 720 886 Oetaeas
735 828 922 904 peruentum
943 829 995 888 est.
1036 822 1194 907 Oppidum
1215 826 1274 890 boe

98 909 204 968 tacent
229 904 363 969 Boeotia
384 906 534 988 profecti,
568 926 646 985 quos
674 906 798 970 Xerxes
828 909 952 972 sedibus
987 910 1055 972 uiis
1086 911 1199 973 excitos
1234 913 1271 973 in

99 986 261 1052 Orientem
282 990 461 1053 transtulit:
482 991 709 1070 servabantque
723 997 944 1073 arpnmentnm
963 994 1096 1074 oriqinis
1112 994 1272 1074 peculiari

97 1092 241 1136 samace
272 1092 309 1136 en
339 1071 470 1137 Graecis
497 1074 682 1156 pierumque
713 1076 838 1139 nocibas
865 1080 1039 1140 constante:
1070 1081 1202 1140 ceterum
1233 1077 1276 1141 ab

97 1157 355 1220 commerciorum
375 1159 585 1221 necessitatem
609 1159 818 1240 finitimorum
841 1160 1051 1223 barbarorum
1072 1161 1184 1240 iinqaa
1205 1165 1275 1224 arte-

98 1240 227 1303 bantar.
272 1240 355 1304 Inde
374 1242 576 1322 Baqistanen
596 1243 756 1323 inpressas
777 1247 833 1320 est,
865 1245 1021 1324 repionem
1043 1244 1221 1324 amianton
1243 1249 1272 1308 et

96 1324 315 1388 abundantem
338 1325 487 1388 arborum
503 1345 631 1389 anroeno
648 1331 676 1389 et
695 1325 827 1404 fecundo
846 1326 931 1405 foeta
946 1329 1111 1407 ceterisque
1132 1328 1276 1391 attritae

97 1427 166 1471 non
188 1427 282 1473 usum
303 1409 409 1486 modo,
432 1429 540 1473 amum
562 1411 657 1473 etiam
678 1410 908 1474 delectationem
923 1412 1163 1491 pertinentibus.

188 1491 377 1556 Perventum
398 1493 508 1557 deinde
529 1498 574 1557 est
594 1495 631 1556 in
645 1493 775 1558 Mediae
797 1514 936 1575 campos,
959 1496 1015 1559 ubi
1030 1495 1166 1559 maaimi
1180 1514 1275 1575 equo--

96 1596 174 1640 rum
198 1596 306 1658 propes
331 1577 550 1657 pascebantur.
601 1576 737 1642 Nisaeos
745 1577 772 1660 3)
796 1579 968 1660 appeliant,
997 1580 1217 1661 maqnitadine
1243 1583 1273 1643 et

96 1661 198 1741 specie
231 1662 380 1742 insipaes.
429 1659 538 1742 Sapua
566 1663 800 1743 quinquaqinta
830 1663 922 1726 milia
949 1663 995 1727 ibi
1026 1667 1166 1744 reperta,
1200 1683 1271 1726 acm

97 1744 283 1809 amandu
304 1765 337 1809 eo
360 1745 523 1821 transiret,
553 1766 575 1809 a
597 1746 759 1809 amitibus
780 1746 868 1810 idias
890 1747 1076 1811 adnotatam
1105 1750 1166 1809 est:
1196 1747 1271 1810 otim

97 1828 194 1909 triplo
214 1829 321 1910 plnres
340 1828 452 1907 faisse,
480 1830 535 1892 sed
554 1829 636 1892 inter
664 1829 812 1893 beliorum
834 1831 944 1894 turbas
966 1832 1142 1894 maaimam
1163 1850 1271 1894 eoram

91 1916 222 1992 partem
239 1914 417 1993 praedones
445 1913 590 1993 abepisse.
634 1912 691 1976 Ad
717 1914 851 1990 triqinta
879 1915 943 1978 dr'es
969 1915 1179 1978 insuasum
1204 1928 1269 1977 rea.

96 1993 150 2058 Ee
163 1994 333 2078 Atropates
347 1996 478 2061 Mediae
497 2001 631 2078 satrapa
646 2001 767 2061 eentum
789 1997 946 2061 barbaras
965 1999 1111 2061 raulieres
1124 1998 1270 2074 addimit,

96 2080 1271 2246 tantm,antecedenduminterturbamur

98 2247 212 2310 castris
242 2246 413 2312 Ecbatana
443 2250 563 2330 attint,
605 2247 736 2312 Mediae
767 2253 871 2330 caput.
926 2248 982 2313 Ibi
1010 2250 1175 2314 sollemnia
1207 2249 1270 2313 diis

97 2331 262 2412 sacrificia
274 2332 347 2410 fecit
367 2332 514 2413 indosque
529 2333 627 2396 edidit
646 2333 724 2396 etin
738 2334 882 2396 convicia
900 2334 1053 2413 festosque
1067 2335 1133 2398 dies
1143 2333 1275 2397 iaaanit

98 2415 260 2490 animum,
287 2419 324 2477 nt
344 2435 415 2479 moa
436 2417 472 2478 in
500 2435 652 2480 neaeram
679 2435 807 2497 operum
833 2436 945 2480 curam
973 2422 1065 2497 atque
1093 2417 1270 2481 ministeria

97 2498 238 2562 calidior
258 2498 478 2562 intenderetur.
524 2499 587 2563 Sed
611 2501 675 2563 ista
700 2501 869 2564 reboantem
876 2547 885 2580 ,
913 2501 996 2565 nebrot
1022 2502 1137 2564 iniecta
1158 2519 1272 2577 manu,

95 2581 203 2660 samm
224 2581 288 2646 otio
310 2583 409 2646 traait
428 2585 585 2663 citamque
599 2585 761 2648 carissimo
776 2584 950 2648 amicorum
971 2586 1038 2648 eius
1054 2604 1152 2665 neque
1173 2584 1274 2647 muita

94 2669 168 2747 post
187 2665 250 2745 ipsi
272 2685 391 2746 quoque
404 2668 471 2749 repi
485 2669 620 2730 eamrsit.
659 2666 780 2732 Pueros
800 2670 837 2732 in
860 2669 962 2732 stadia
983 2671 1132 2731 certantes
1152 2672 1268 2747 specta-

98 2749 166 2825 bat,
195 2768 266 2811 cum
286 2751 456 2814 namiatur
482 2752 608 2832 deficere
628 2751 906 2832 Hephaestionem,
935 2753 991 2832 qui
1012 2752 1117 2814 morbo
1139 2768 1177 2814 en
1198 2770 1273 2815 cro-

92 2830 179 2915 puia
199 2837 355 2897 contracto
375 2835 540 2914 septimam
554 2837 621 2898 iam
638 2835 720 2899 diem
742 2836 932 2917 aeqrotabat.
976 2833 1158 2899 Exterritus
1172 2836 1269 2899 amici

92 2916 1269 3001 perieulostatimcmsnrqitetadbospitiamiitiuscderiterperpit:neque

98 3005 207 3064 tamen
222 3002 318 3081 prius
340 3021 373 3065 eo
391 3005 547 3083 parauit,
574 3023 670 3083 qnam
692 3003 782 3067 iilum
803 3022 889 3066 mars
910 3008 1093 3084 occupasset.
1138 3000 1182 3067 Id
1202 3004 1269 3085 req-i

98 3086 255 3162 omnium,
289 3105 369 3165 quae
395 3087 432 3149 in
458 3088 525 3151 rita
550 3087 739 3167 pertulerat,
772 3088 975 3151 adversorum
1008 3088 1270 3151 luctuosissimum

98 3169 250 3232 accidisse
265 3174 381 3232 certam
402 3170 534 3234 babetur
555 3190 684 3249 eumque
697 3171 915 3252 mapnitndine
929 3171 1045 3235 datoris
1061 3172 1097 3234 in
1119 3172 1270 3236 lacrimas

98 3257 128 3316 et
161 3251 300 3316 tamenta
335 3255 450 3317 rictum
482 3253 583 3318 muita
608 3254 718 3329 ,animi
747 3255 784 3318 de
809 3256 916 3336 prada
942 3255 1049 3319 deiecti
1081 3259 1273 3337 arqamenta

98 3336 242 3400 edidisse.
314 3334 376 3400 Sed
428 3358 466 3401 ea
520 3339 645 3417 quidem
691 3340 780 3402 narie
835 3340 1024 3403 traduntur:
1065 3339 1147 3402 iilud
1186 3341 1269 3402 inter

98 3438 208 3484 omnes
229 3425 362 3498 constat,
391 3425 426 3484 ut
446 3441 543 3501 quara
565 3422 796 3486 decentissimas
824 3424 971 3502 eaeqnias
997 3423 1183 3499 cidnceret,
1212 3441 1268 3485 no-

99 3504 196 3568 tuisse
216 3502 393 3568 Ecbatanis
413 3506 552 3587 sepeliri,
581 3505 636 3568 sed
655 3505 866 3587 Babylonem,
895 3525 955 3586 quo
982 3507 1048 3585 ipse
1070 3524 1269 3569 concessurus

169 3669 197 3735 2)
221 3671 328 3727 Susis.
369 3673 447 3728 Diese
473 3670 585 3738 Angabe
612 3679 735 3734 stamen,
765 3672 820 3727 wie
847 3673 917 3728 auch
949 3671 993 3726 die
1025 3671 1186 3738 folgenden.
1218 3688 1268 3727 aus

98 3737 217 3800 Dionos,
241 3738 290 3794 der
312 3739 355 3794 die
374 3740 503 3796 tleuterei
526 3740 573 3795 des
592 3737 693 3794 Heeres
717 3739 794 3795 nieht
816 3756 850 3794 zu
869 3739 935 3807 opis
958 3753 1001 3792 am
1019 3737 1124 3804 Tigris,
1148 3738 1269 3793 sondern

100 3822 136 3860 zn
154 3803 224 3860 Susa
246 3805 416 3862 ausbreohen
438 3807 516 3862 ltsst.
551 3807 598 3861 Die
616 3804 686 3872 Lago
715 3822 769 3860 von
792 3805 875 3862 Carae
900 3805 957 3860 und
980 3803 1112 3860 Sambana
1139 3805 1176 3859 ist
1193 3805 1269 3859 nicht

98 3873 151 3927 mit
178 3870 333 3928 Stoberheit
359 3890 393 3927 zu
419 3873 595 3935 bestimmen
622 3872 692 3928 fiber
718 3872 854 3929 Sittacene
881 3891 903 3929 s.
926 3872 969 3927 die
991 3876 1068 3927 Anm.
1093 3888 1126 3926 zu
1148 3876 1172 3925 5.
1195 3875 1219 3924 2.
1245 3877 1268 3926 1.
1350 3906 1353 3917 .

101 3938 221 3996 Gelonae
238 3938 373 4002 (ballone,
393 3940 508 4008 Colone)
531 3942 567 3996 ist
588 3939 666 3995 wohl
692 3939 740 3994 das
767 3939 878 4004 heutige
897 3938 1048 4002 Hulwan,
1077 3938 1193 4005 gelegen
1222 3937 1275 3993 anf'
1363 3986 1366 3991 .

101 4007 150 4061 der
168 4004 278 4062 Strasse
296 4007 433 4062 zwisohen
446 4008 512 4075 Opis
530 4008 587 4062 und
603 4006 750 4070 Ecbatana,
770 4005 826 4061 und
838 4007 983 4072 Bagistane
995 4007 1031 4061 ist
1048 4028 1082 4048 =
1095 4006 1269 4061 Behistum
1366 4064 1374 4083 ,

101 4071 301 4140 (Bisitum)a1n
321 4072 406 4129 obern
425 4073 571 4142 Choaspes.
1189 4139 1195 4151 ,
1339 4097 1346 4117 =

168 4140 196 4206 3)
215 4141 365 4197 Nisaeos.
401 4141 447 4196 Die
465 4143 601 4198 nistische
620 4141 709 4196 Ehene
732 4141 782 4195 mit
803 4139 882 4194 ihren
905 4138 1068 4195 berfihmten
1091 4137 1270 4207 konigltohen

102 4206 260 4264 Stutereien
278 4207 324 4273 lag
341 4208 369 4262 in
387 4208 437 4263 der
454 4207 568 4264 Provinz
586 4207 699 4276 Nisaya,
720 4217 807 4263 etwas
825 4206 926 4263 abseits
945 4223 999 4262 von
1022 4207 1071 4262 der
1089 4206 1196 4262 Strasse
1214 4222 1269 4260 von

101 4273 164 4342 opis
184 4273 255 4331 nach
273 4274 416 4331 Ecbatana.
455 4275 479 4331 S.
498 4277 557 4331 Arr.
577 4280 601 4332 t.
620 4281 659 4330 13.

1289 4392 1339 4496 a
