2752 4776
143 242 186 306 44
592 256 623 317 n.
648 256 751 305 cuam
772 257 854 304 nuri

112 415 230 494 tlpsos
252 414 397 475 missuros
419 414 454 475 ad
478 411 647 483 oraculum,
672 432 731 474 non
754 415 805 493 qui
827 412 925 474 lovem
947 414 1150 491 interrogent,
1174 410 1252 492 quod
1270 428 1300 471 ex

146 517 217 576 rege
239 501 441 576 cognoverint,
464 498 515 558 sed
538 501 588 578 qui
611 501 720 575 gratias
743 506 843 575 agant,
868 500 919 575 qui
943 506 1006 558 rota
1029 514 1085 576 pro
1109 496 1301 558 incolumitate
1342 530 1344 555 t

112 591 128 640 8
146 585 225 661 regis
247 585 352 663 optimi
374 582 552 663 persolvant.
596 583 671 643 Tum
693 602 763 644 vero
786 584 921 644 universa
945 583 1042 643 contio
1067 598 1195 643 accensa
1216 587 1303 643 estet

146 687 162 730 a
191 670 325 747 corporis
353 667 526 729 custodibus
555 669 671 729 initium
704 668 813 728 lactum
847 665 1054 736 clamantibus,
1084 665 1302 746 discerpendum
1342 686 1344 691 ·

148 770 211 814 esse
234 753 412 833 parricidam
442 752 577 813 manibus
606 771 709 812 eorum
733 752 823 812 —id
852 752 971 830 quidem
994 750 1142 820 Philotas,
1172 752 1222 830 qui
1244 768 1302 829 gra·

112 839 227 898 eriora
249 836 391 917 supplicia
414 846 573 906 metueret,
602 836 680 897 baud
703 855 772 897 sane
795 838 898 916 iniquo
927 839 1026 898 animo
1048 834 1201 906 audiebat,
1220 868 1259 913 '7
1275 826 1344 897 atlli

146 939 199 982 rex
221 924 252 982 in
275 924 441 983 contionem
463 939 615 991 reversus,
646 923 706 982 sive
735 930 767 982 ut
794 923 824 980 in
855 922 986 982 custodia
1010 938 1129 1000 quoque
1153 926 1296 1001 torqueret,
1342 904 1344 949 ¹

146 1009 210 1068 sive
232 1018 265 1067 ut
287 1006 458 1085 diligentius
481 1016 586 1067 cuncta
601 1015 806 1084 cognosceret,
831 1004 992 1067 concilium
1014 1008 1045 1065 in
1061 1012 1217 1085 posterum
1229 1004 1296 1066 diem

147 1090 261 1153 distulit
283 1101 326 1161 et,
357 1109 534 1171 quamquam
562 1093 593 1151 in
616 1110 770 1170 vesperam
794 1089 954 1152 inclinabat
976 1090 1053 1158 dies,
1083 1099 1188 1150 tamen
1208 1090 1296 1151 amen

148 1178 305 1238 convocari
334 1176 424 1238 iubet.
476 1175 513 1236 Et
539 1178 646 1236 ceteris
674 1176 793 1255 quidem
822 1175 971 1253 placebat,
1006 1174 1205 1235 Macedonum
1230 1190 1300 1235 more

97 1269 129 1318 10
148 1260 235 1322 obrui
256 1263 342 1330 saxis,
367 1261 544 1341 Hephaestio
567 1270 665 1321 autem
689 1271 718 1322 et
739 1261 877 1322 Craterus
901 1270 929 1320 et
949 1260 1065 1321 Coenus
1080 1260 1245 1320 'tormentis
1262 1276 1300 1319 re
1342 1262 1344 1269 '

147 1347 265 1406 ritatem
288 1344 510 1424 exprimendam
534 1362 598 1406 esse
621 1345 756 1407 dixerunt
779 1353 809 1405 et
831 1343 873 1405 illi
897 1363 1030 1423 quoque,
1060 1347 1111 1423 qui
1142 1342 1222 1404 aliud
1248 1360 1302 1404 sua·

98 1437 130 1485 11
150 1439 264 1499 serant,
300 1433 331 1490 in
365 1429 472 1491 horum
504 1431 679 1490 sententiam
708 1438 869 1491 transeunt.
921 1428 1051 1490 Consilio
1086 1446 1161 1507 ergo
1193 1428 1302 1489 dImisso

148 1513 347 1591 Hephaestion
370 1532 437 1576 cum
459 1515 581 1576 Cratero
605 1524 634 1575 et
655 1516 753 1576 Coeno
777 1514 813 1574 ad
836 1517 1041 1591 quaestionem
1065 1512 1101 1573 dc
1124 1512 1241 1575 Philota
1259 1513 1302 1574 ba·

98 1597 276 1658 iubendam
305 1608 498 1676 consurgunt.
549 1599 611 1659 Rex
634 1600 755 1661 Cratero
791 1601 933 1660 accersito
966 1607 997 1659 et
1028 1615 1170 1659 sermone
1202 1597 1301 1663 habito.

149 1686 235 1744 cuius
258 1702 373 1745 summa
395 1701 454 1744 non
478 1685 555 1745 edita
579 1693 633 1752 est,
658 1687 688 1744 in
711 1686 844 1746 intimam
868 1682 1030 1744 deversorii
1050 1692 1169 1761 partem
1192 1684 1301 1745 secemit

149 1776 180 1827 et
200 1771 325 1830 remotis
347 1768 468 1830 arbitris
489 1772 521 1830 in
544 1768 664 1829 multam
687 1779 805 1830 noctem
828 1769 1009 1847 quaestionis
1032 1769 1199 1846 expectavit
1227 1782 1299 1829 ereo·

100 1860 131 1909 13
151 1861 221 1914 tum.
272 1853 412 1917 Tortores
439 1859 471 1917 in
499 1863 660 1932 conspectu
690 1853 822 1914 Philotae
855 1854 952 1913 omnia
986 1851 1173 1913 crudelitatis
1205 1853 1296 1913 insue-

100 1946 132 1994 14
149 1948 250 2000 menta
272 1949 451 2020 proponunt.
498 1940 534 2000 Et
556 1938 606 1999 ille
629 1939 715 2008 ultro,
739 1937 827 2008 ‘Ouid
850 1941 994 2006 cessatis',
1017 1938 1122 2016 inquit,
1147 1938 1240 2015 ‘regis
1256 1935 1300 1995 ini·

149 2025 273 2094 micum,
301 2027 523 2087 interfectorem
546 2025 736 2085 confitentem
759 2022 913 2083 occideret
941 2021 1011 2101 quid
1041 2021 1215 2100 quaestione
1240 2036 1302 2099 epm

150 2111 214 2169 est?
243 2112 384 2187 cogitavi,
414 2108 515 2170 volui'.
561 2109 699 2171 Craterus
723 2109 857 2185 erigere,
881 2116 928 2176 ut,
956 2125 1032 2186 quae
1055 2104 1301 2179 confiteretur,iu

100 2200 132 2248 15
150 2198 306 2256 tormentis
335 2213 451 2274 quoque
480 2193 602 2255 diceret.
647 2194 723 2255 Dum
751 2193 926 2272 corripitur,
956 2189 1014 2273 [et]
1045 2190 1115 2251 dum
1146 2189 1301 2269 obligantur

151 2277 243 2348 oculi,
272 2280 342 2339 dum
371 2280 458 2338 vestis
487 2281 619 2344 exuitur,
650 2278 721 2338 deos
743 2279 869 2357 patrios,
893 2279 1024 2354 gentium
1047 2277 1112 2336 iura
1134 2276 1301 2354 nequiquam

151 2363 228 2440 apud
251 2364 354 2424 surdas
377 2381 463 2423 aures
485 2361 648 2422 invocabat.
687 2361 744 2421 Per
768 2360 887 2420 ultimos
910 2360 1017 2421 deinde
1033 2361 1193 2430 cruciatus,
1215 2364 1302 2438 utpote

152 2457 181 2507 et
203 2446 358 2508 damnatus
381 2458 410 2507 et
435 2447 564 2508 inimicis
592 2449 622 2506 in
650 2448 774 2524 gratiam
802 2447 882 2523 regis
905 2443 1129 2524 torquentibus,
1159 2444 1301 2505 laceratur.

186 2635 208 2686 7.
228 2634 316 2699 qnod
398 2633 627 2698 coenaverint
642 2631 667 2685 d.
680 2633 707 2686 b.
759 2630 866 2681 bavent
884 2629 937 2683 wie
955 2631 978 2683 5.
998 2633 1021 2682 2.
1040 2633 1064 2683 2.
1096 2628 1143 2684 liic
1156 2626 1301 2683 lldscbha·

151 2699 188 2754 de
208 2716 240 2755 re
264 2704 320 2756 iem
342 2699 506 2767 manifesto.
545 2699 599 2754 Zur
622 2699 708 2754 Sache
760 2695 812 2769 ben
825 2700 1056 2762 inconspectum,
1075 2711 1132 2751 was
1146 2691 1301 2750 durthtcl·

151 2766 203 2833 vgl.
224 2768 266 2822 die
285 2770 382 2824 Worte
400 2769 448 2823 des
466 2766 588 2822 Philotas
608 2772 646 2821 10.
665 2772 706 2822 28.
759 2764 805 2819 len
827 2764 880 2818 wie
905 2763 957 2818 Cic.
981 2763 1015 2818 de
1038 2763 1092 2829 leg.
1115 2778 1174 2830 agr.
1193 2767 1218 2842 ²:
1231 2765 1265 2842 ,13
1279 2762 1303 2814 ie

151 2863 185 2871 -
196 2837 363 2901 persolva
373 2842 414 2891 nt.
434 2842 497 2891 noto
510 2835 629 2899 solvere,
641 2851 708 2901 per·
758 2833 900 2899 publicum
918 2833 1088 2898 proponitur
1105 2830 1303 2897 vertberdrgtau

152 2901 262 2957 solvere
285 2904 321 2959 ist
348 2905 423 2958 nicht
451 2901 598 2958 Gelbbde
625 2905 707 2958 thun
761 2901 871 2955 werden
889 2897 982 2966 pllegt.

153 2969 229 3031 (eota
248 2987 429 3038 nuncupere,
448 2972 623 3037 suscipere),
642 2988 706 3026 son-

153 3034 234 3090 dern:
270 3039 323 3092 cin
359 3037 509 3092 Gelaibde
545 3037 708 3101 erldllen,

83 3116 85 3121 ’
154 3101 211 3157 also
240 3105 310 3159 hier:
342 3106 402 3160 ‘die
428 3105 558 3171 gelobten
580 3106 708 3172 Weihge·

154 3170 273 3226 schenke
292 3172 477 3238 darbringen’.

192 3239 216 3292 8.
244 3254 371 3301 cortem,
403 3240 608 3305 sachgemasser
635 3245 709 3295 ware

153 3307 289 3371 ipsorum,
308 3307 341 3362 da
359 3307 402 3361 die
415 3322 492 3372 corp.
505 3309 637 3363 custodes
650 3308 708 3362 sich

154 3373 257 3440 gewiss
276 3375 352 3430 nicht
370 3375 572 3430 ausschliessen
584 3373 708 3430 wollten.

193 3445 217 3496 9.
242 3459 373 3510 quoqne
396 3443 495 3509 gelrdrt
518 3441 624 3509 loglscb
648 3458 710 3497 zum

154 3507 301 3576 folgenden
325 3516 475 3577 torqueret.
499 3539 532 3546 -
559 3511 710 3565 inclino-

155 3578 223 3639 bot,
256 3579 310 3632 wie
340 3579 474 3634 inclinato
503 3580 534 3632 in
563 3593 711 3645 vesperam

155 3646 342 3702 whtffl

196 3717 235 3764 10.
261 3719 460 3769 transeunt,
496 3713 555 3769 blan
578 3713 649 3767 wird
668 3728 710 3766 cr·

155 3781 246 3835 innert
265 3797 297 3835 an
317 3781 360 3836 die
378 3780 486 3836 Formel
505 3782 553 3835 der
572 3781 710 3835 discessio

156 3849 191 3903 im
218 3851 285 3902 rdna.
315 3848 409 3904 Senot:
437 3851 486 3916 qni
505 3849 559 3904 boe
580 3851 711 3910 censetis,

156 3915 223 3970 illue
246 3919 379 3979 transite,
402 3919 451 3984 qni
473 3917 531 3972 olio
554 3919 661 3979 omnio,
681 3919 711 3970 in

156 3982 231 4037 berte
244 3991 366 4050 partem.
537 3999 540 4003 ’

197 4055 234 4104 1·2.
274 4068 342 4106 non
377 4053 478 4107 edito.
525 4051 708 4118 vollstandig:

158 4118 232 4173 edita
256 4121 286 4172 in
309 4120 408 4185 eatlpns
433 4122 467 4183 (3.
486 4125 510 4176 3.
530 4119 566 4189 7).
596 4150 629 4158 —
656 4121 712 4174 de·

159 4188 311 4239 versoria·
335 4210 368 4229 =
391 4192 501 4254 reniae,
525 4188 573 4243 des
597 4187 713 4254 bonign-

160 4255 228 4307 chen
247 4252 348 4315 Zeltes‚
368 4253 518 4320 Quartiers.

201 4323 239 4373 13.
259 4328 471 4386 proponunt,
495 4322 551 4379 abs.
568 4346 602 4366 =
619 4321 713 4389 προτί-

799 2972 838 3024 14.
861 2966 1102 3033 confitentem,
1127 2971 1222 3020 ‘wenn
1238 2976 1304 3042 erues

762 3034 945 3102 eingesteln’;
967 3033 1184 3101 interfectorem
1205 3033 1240 3088 ist
1256 3032 1305 3086 brer

761 3120 826 3157 nur:
851 3103 901 3157 der
919 3101 1052 3157 dnstilter
1071 3101 1147 3157 eines
1167 3098 1306 3165 ansoldus

760 3170 809 3225 aul
834 3171 893 3224 sein
924 3168 1021 3224 Leben.
1064 3168 1113 3223 llic
1140 3166 1306 3231 Entdecbuug
1341 3182 1344 3201 =

760 3238 836 3292 hatte
854 3253 883 3290 es
902 3236 978 3292 bloss
997 3236 1307 3304 praenominatae

760 3306 803 3360 lne'
819 3305 946 3360 kommen
964 3304 1064 3360 lassen.

797 3377 835 3425 15.
861 3375 1012 3438 nentium
1030 3374 1124 3434 iuro,
1150 3373 1229 3428 nicht
1244 3366 1307 3424 ‘le-

761 3440 910 3504 berrecht’,
930 3439 1049 3495 sondern
1062 3439 1253 3501 ‘natdrliches
1267 3434 1307 3492 all·

762 3509 900 3572 gemeines
923 3507 1179 3571 blenscbenrecht’,
1207 3508 1304 3584 beans

762 3579 809 3632 ins
832 3576 921 3631 nuile.
960 3574 1053 3641 Gegen
1075 3574 1170 3631 dieses
1194 3580 1302 3631 veretum

763 3644 806 3698 die
828 3643 980 3710 Folterung
1007 3643 1081 3696 eines
1110 3642 1224 3705 Freien,
1243 3634 1302 3695 roob

763 3712 832 3766 ‹lazu
855 3712 929 3766 eines
951 3711 980 3764 in
1002 3709 1051 3765 der
1074 3709 1246 3778 llauptsaclre
1260 3702 1303 3758 Gt·

763 3779 915 3845 standigen.
958 3806 992 3815 —
1034 3780 1169 3834 surdas
1210 3785 1307 3834 cures.

763 3845 1001 3914 spruenwonbeh
1028 3860 1101 3899 war:
1138 3847 1231 3903 surdo
1253 3840 1310 3899 oder

763 3916 862 3970 surdis
880 3913 1000 3969 auribus
1017 3927 1134 3969 canere.
1164 3914 1227 3983 Vgl.
1240 3908 1310 3968 auch:

763 3982 842 4047 opud
852 3997 940 4037 eures
952 3981 1094 4046 superbos
1102 3999 1214 4048 parum
1225 3984 1310 4037 rnen.

762 4049 824 4105 Tac.
847 4066 908 4105 ann.
930 4053 955 4104 4.
973 4053 1013 4100 29.
1043 4076 1077 4086 -
1104 4065 1172 4115 per
1243 4060 1311 4104 cre·

763 4119 893 4180 cintus,
906 4116 982 4171 nicht
992 4115 1102 4183 cigentl.
1113 4108 1308 4173 instrumentell

764 4202 799 4241 zu
817 4184 915 4246 lassen,
931 4183 1051 4239 sondern
1065 4183 1146 4239 mehr
1159 4176 1311 4240 adverbiali:

765 4260 847 4307 unter
859 4253 911 4307 den
922 4251 1312 4308 eutsetzliehstenblartem.··

765 4322 776 4375 i
782 4336 801 4374 n
813 4322 973 4388 protien-
993 4319 1029 4375 So
1041 4316 1311 4376 sebonhiriusmcbr
