2752 4776
320 262 559 312 msronusou
580 260 785 310 rennuunt
806 260 858 328 vr,
879 256 904 306 s.
928 257 968 306 m.
1183 243 1227 309 39

55 427 88 479 et
110 418 212 478 animo
234 435 301 479 meo
324 428 353 479 et
374 420 503 499 tempori
523 436 654 498 paream.
697 416 787 479 Abest
815 416 935 495 quidem
963 419 1094 497 optimus
1116 427 1258 478 causaes

56 519 143 563 meae
171 501 278 563 iudex:
307 504 357 583 qui
384 522 437 565 cur
465 521 513 565 me
541 506 606 581 ipse
635 502 737 565 audire
765 500 908 570 noluerit,
937 518 1012 571 non,
1040 500 1222 572 mehercule,

55 588 204 665 excogito,
228 604 297 649 cum
319 587 361 649 illi
382 591 534 668 utrimque
556 588 672 666 cognita
696 604 784 648 causa
807 595 868 647 tam
890 584 1033 647 damnare
1055 604 1103 647 me
1124 584 1221 656 liceat,

57 689 149 752 quam
166 671 334 733 absolvere:
357 689 417 734 non
440 675 559 751 cognita
580 690 650 733 vero
673 669 795 733 liberari
816 672 854 731 ab
877 670 998 731 absente
1016 687 1076 731 non
1090 688 1221 750 possum,

58 757 111 835 qui
138 775 155 817 a
181 767 339 837 praesente
365 756 521 820 damnatus
550 775 625 818 sum.
677 755 736 818 Sed
764 772 943 835 quamquam
976 755 1066 815 vincti
1094 756 1257 817 hominls4

58 856 119 901 non
142 858 326 921 supervacua
348 840 452 914 solum,
475 841 528 903 sed
550 844 639 903 etiam
659 844 753 903 invisa
776 839 909 902 defensio
932 848 992 907 est,
1022 841 1073 917 qui
1094 839 1223 901 iudicem

55 942 117 987 non
137 924 247 987 docere
266 925 390 998 ridetur,
414 925 465 988 sed
489 944 629 1005 arguere:
653 935 760 993 tamen
783 934 942 1003 utcumque
965 922 1035 984 licet
1049 941 1097 984 me
1112 922 1223 995 dicere,

54 1018 170 1071 memet
190 1011 255 1090 ipse
277 1027 338 1072 non
360 1011 494 1073 deseram
517 1029 572 1072 nec
594 1012 793 1079 committam,
816 1018 849 1071 ut
871 1008 1026 1071 damnatus
1047 1010 1137 1069 etiam
1158 1025 1224 1069 mea

55 1096 207 1157 sententia
229 1094 339 1156 videar.
383 1095 543 1176 Equidem,
573 1097 658 1156 cuius
680 1095 809 1156 criminis
837 1111 907 1155 reus
933 1095 1002 1162 sim,
1032 1110 1092 1153 non
1120 1092 1258 1153 video:b

55 1180 136 1241 inter
158 1180 329 1241 coniuratos
350 1198 438 1242 nemo
460 1198 508 1240 me
530 1182 677 1250 nominat,
701 1179 737 1240 de
759 1198 808 1240 me
829 1177 1030 1240 Nicomachus
1051 1175 1123 1237 nihil
1139 1176 1220 1246 dixit,

56 1261 217 1326 mimum
238 1263 313 1344 plus,
337 1282 425 1343 quam
448 1264 590 1334 audierat,
614 1267 692 1326 scire
713 1281 774 1324 non
795 1265 899 1344 potuit.
937 1264 1026 1340 litqui
1040 1263 1257 1323 coniuratio-c

55 1349 104 1410 nis
124 1357 216 1428 caput
238 1367 285 1410 me
307 1351 398 1411 luisse
414 1349 508 1411 credit
530 1351 597 1411 rex!
642 1350 742 1411 Potuit
755 1366 827 1427 ergo
849 1347 981 1429 Dymnus
998 1364 1066 1408 eum
1087 1356 1223 1426 praeter·

55 1434 116 1504 ire,
146 1451 237 1513 quem
257 1432 450 1514 sequebatur,
481 1435 657 1515 praesertim
684 1452 752 1495 cum
780 1434 934 1513 quaerenti
959 1433 1056 1493 socios
1083 1429 1130 1493 vel
1149 1429 1223 1492 lalso

52 1518 165 1579 luerim
186 1519 396 1588 nominandus,
426 1538 485 1599 quo
507 1519 638 1588 facilius,
661 1522 713 1599 qui
735 1517 950 1598 temptabatur,
973 1523 1076 1597 posset
1097 1515 1221 1596 inpelli?

53 1602 120 1665 Non
145 1603 225 1663 enim
248 1602 363 1665 detecto
386 1604 517 1664 facinore
539 1622 649 1664 nomen
671 1621 771 1664 mcum
794 1603 966 1683 praeteriit,
993 1610 1028 1664 ut
1055 1610 1157 1682 posset
1177 1601 1255 1660 tri-t

53 1686 123 1748 deri
139 1687 221 1748 socio
236 1691 422 1767 pepercisse:
445 1686 634 1758 Nicomacho,
659 1705 746 1766 quem
760 1689 920 1748 taciturum
937 1703 1044 1747 aroana
1059 1686 1096 1747 de
1112 1694 1220 1748 semet·

52 1773 122 1851 ipso
152 1770 293 1834 credebat
326 1774 493 1842 confessus,
527 1772 592 1835 aliis
622 1773 782 1833 nominatis
814 1790 861 1832 me
893 1788 986 1830 unum
1019 1769 1220 1831 subtrahebat.

53 1854 190 1927 Quaeso,
217 1857 448 1927 commilitones,
477 1859 502 1918 si
525 1856 683 1941 Cehplinus
709 1873 837 1917 menon
860 1853 983 1924 adisset,
1012 1852 1085 1914 nihil
1113 1872 1161 1915 me
1184 1855 1221 1914 de
1239 1862 1273 1913 8.

56 1941 221 2003 coniuratis
248 1942 325 2002 scire
353 1941 508 2012 voluisset,
544 1942 616 2003 num
642 1940 731 2001 hodie
759 1941 889 2001 dicerem
918 1956 1037 2000 causam
1065 1936 1147 1998 nullo
1173 1956 1222 1999 me

58 2026 248 2087 nominante?
292 2027 425 2106 Dymnus
446 2044 517 2088 sane
541 2026 583 2106 (ut
603 2026 714 2086 viveret
736 2024 856 2103 adbeel)
878 2022 966 2085 vellet
986 2022 1059 2083 mihi
1079 2039 1219 2102 parcere:
1238 2031 1255 2080 s

57 2108 129 2188 quid
156 2111 268 2171 ceteri?
301 2115 353 2191 qui
380 2110 417 2172 de
445 2131 477 2173 se
506 2111 742 2179 confitebuntur,
776 2128 824 2171 me
856 2106 992 2170 videlicet
1023 2105 1216 2168 subtrahent!

55 2192 185 2270 hlaligna
207 2205 253 2256 est
275 2195 426 2257 calamitas
448 2205 478 2258 et
499 2197 563 2258 lere
585 2197 704 2266 noxius,
728 2213 797 2256 cum
818 2212 872 2255 suo
893 2190 1037 2273 supplicio
1060 2194 1220 2262 crucietur,

58 2279 221 2359 adquiescit
249 2278 354 2342 alieno.
406 2280 464 2343 Tot
491 2281 602 2342 conscii
630 2298 685 2342 nec
719 2281 750 2340 in
778 2277 913 2341 eculeum
948 2277 1065 2357 quidem
1097 2276 1219 2356 inpositi
1239 2284 1272 2335 10

54 2477 146 2536 lelhen
173 2478 244 2542 soll,
278 2481 369 2537 seiher
399 2480 611 2550 Entriistung
663 2499 694 2537 cr
712 2481 837 2549 (genade,
856 2480 892 2535 im
911 2479 1051 2535 einzelnen
1069 2478 1153 2541 Falle)
1171 2494 1219 2546 ge·

55 2545 123 2604 oder
146 2548 239 2603 seiner
260 2547 388 2615 haugen
406 2549 611 2617 besorgniss
662 2551 774 2605 winnen
801 2547 907 2604 wollte.
947 2553 1084 2614 temptare
1113 2548 1150 2602 ist
1176 2546 1221 2602 die

54 2630 107 2670 um
125 2614 201 2670 sein
219 2613 407 2679 Schiclssal,
432 2615 467 2671 oh
489 2633 519 2672 er
534 2633 611 2686 sprs·
662 2612 1219 2673 Vorstulezumsollicitoreundbezeich·

54 2682 124 2739 chen
142 2681 198 2738 soll
216 2681 255 2738 als
279 2681 610 2752 unsehuluignnge-
662 2692 710 2740 nst
736 2683 868 2739 zunaehst
894 2699 947 2738 nur
973 2682 1020 2737 das
1047 2679 1220 2736 busholen

52 2747 192 2829 klagter
215 2751 322 2813 (auimo
343 2752 462 2818 parere)
486 2751 554 2806 oder
570 2751 610 2807 als
663 2751 719 2808 und
744 2748 894 2817 vorlhufige
916 2748 1116 2827 Rearheiten
1144 2747 1220 2803 einer

52 2814 186 2949 bererqs
203 2817 458 2875 Verurtheilter
477 2820 613 2886 (tempori
662 2815 880 2942 {embplichheit
893 2817 938 2873 fur
952 2817 1032 2873 einen
1044 2815 1219 2872 bestimmten

91 2899 184 2942 rere.
684 2902 743 2941 wea

50 2901 113 3023 ⁹⁰3,
132 2971 208 3036 ,Μ
230 2971 354 3027 audire
377 2994 410 3014 =
433 2971 476 3026 qn
498 2974 613 3040 perspn.
702 2958 727 3011 7.
752 2954 886 3009 detecto
909 2955 1081 3018 facinore.
1116 2949 1218 3008 uener-

51 3034 142 3093 licher
155 3035 323 3104 Gegenwart
339 3039 482 3094 apparens,
499 3066 533 3076 -
550 3055 612 3095 w.
664 3031 752 3079 setae:
775 3029 845 3076 erst
862 3022 946 3077 nach
964 3020 1014 3075 der
1030 3018 1217 3085 Entdeckung.

51 3107 177 3172 eoqiio.
198 3104 402 3173 Vollstandiger
413 3106 504 3162 Planc.
517 3107 546 3162 in
558 3105 611 3164 Cic.
702 3092 726 3147 8·
746 3104 875 3169 tuam
894 3090 966 3147 ohne
983 3085 1101 3144 Eissfluss
1114 3086 1218 3142 ³1¹de

51 3187 118 3241 epp,
145 3176 243 3229 1024,
266 3176 282 3224 e
303 3179 447 3241 exputare
469 3190 527 3229 „sm
545 3190 612 3243 pos.
664 3156 858 3215 Constructton
885 3156 942 3213 und
963 3155 1061 3213 hetont
1075 3170 1169 3235 ⁸voran
1190 3171 1218 3210 e-

52 3256 127 3297 mm,
156 3268 190 3277 -
219 3239 340 3304 liceat,
370 3241 442 3297 ohne
462 3240 611 3298 flchsqcht
664 3223 749 3305 stelit.
784 3224 820 3281 So
839 3225 915 3281 nicht
932 3225 1021 3282 selten
1039 3223 1083 3280 ber
1100 3169 1219 3279 denllo·

51 3305 103 3363 aul
123 3306 185 3370 das,
208 3324 266 3363 was
288 3306 362 3364 Alex.
386 3308 489 3365 hereits
510 3310 611 3376 gethan
661 3293 777 3349 mmm·

51 3374 210 3438 hat,=‘es
228 3375 323 3431 steht
340 3376 396 3430 ihm
406 3377 435 3444 ja
448 3375 610 3441 dochlrei,
701 3383 726 3432 9.
745 3378 897 3445 Dymnus
914 3405 948 3415 -
964 3389 1123 3444 parcere.
1147 3388 1219 3430 sane

51 3441 612 3568 annulli?iititltl‘flltit:
662 3442 1220 3569 ustulatur,initiabili

49 3575 149 3644 fuligo
160 3576 389 3646 Umschrsibung:
401 3578 535 3645 futurum
545 3579 611 3646 fue·
663 3582 785 3638 cessivus
804 3581 854 3637 der
872 3578 1100 3646 vergangenheit,
1135 3574 1215 3631 Sinn:

49 3646 91 3700 rit
107 3650 143 3700 ut
158 3644 257 3701 liceret
274 3646 437 3703 vermeiden.
662 3650 856 3716 augestanden,
869 3647 931 3703 dass
946 3647 1023 3702 'ener
1031 3646 1084 3701 den
1093 3643 1218 3700 Wunsch

72 3715 120 3793 ⁸4.
149 3715 209 3780 qui
237 3714 379 3770 uidetur
406 3714 455 3770 hat
483 3714 611 3771 causalcn
661 3717 759 3772 hatte
782 3724 832 3772 etc.
862 3743 895 3754 -
928 3663 963 3770 dt
983 3736 1016 3756 =
1038 3713 1147 3768 utinam
1169 3711 1219 3766 hat

51 3779 130 3837 Sum,
157 3779 248 3836 Andre
265 3778 322 3835 LA:
341 3783 415 3848 quia.
662 3783 810 3840 vereinzelt
828 3783 914 3839 schon
927 3781 1030 3837 Cicero.
1048 3806 1082 3817 -
1099 3781 1161 3846 qui
1177 3779 1217 3834 de

88 3850 115 3901 ὁ.
142 3849 238 3904 inter
263 3850 470 3906 coniuratos
495 3867 517 3905 s.
538 3867 563 3906 v.
586 3867 609 3906 a.
661 3867 697 3908 se
715 3845 1217 3919 confitebuntur,eluderartiges

50 3912 105 3971 hei
137 3914 196 3971 der
224 3914 437 3984 bulzahlung
466 3918 515 3974 der
544 3917 610 3974 Ver·
661 3919 841 3976 Behenntniss
859 3933 919 3972 war
936 3915 997 3971 dem
1014 3915 1135 3983 hymnus
1148 3912 1218 3969 eben

50 3982 232 4047 schwornen3
267 3982 322 4049 vgl.
351 3985 427 4040 inter
453 3986 610 4053 participes
662 3994 770 4056 erspart
798 3983 949 4053 gehliehen.
983 4009 1016 4020 -
1050 3981 1217 4048 mationa.

52 4049 253 4106 destinabatur
269 4055 293 4106 9.
311 4054 335 4105 7.
662 4053 740 4110 hier:
777 4053 977 4121 engherzig,
1013 4048 1109 4106 nicht
1142 4046 1217 4105 aul-

90 4123 115 4172 6.
134 4133 229 4186 quem
246 4118 457 4185 sequebatur
473 4119 500 4176 d.
516 4120 542 4176 h.
561 4120 610 4177 der
663 4120 817 4191 oplernd.
834 4149 868 4158 -
886 4119 1081 4187 adquiescit
1098 4139 1131 4160 =
1148 4117 1218 4173 trd-

55 4182 265 4254 langehlieh)
292 4185 340 4241 das
364 4184 422 4241 llau
442 4194 455 4242 t
477 4187 527 4245 der
544 4188 609 4244 Ver·
661 4195 729 4244 stet
751 4188 825 4244 sich
847 4189 909 4244 mit
935 4197 1000 4250 etc.;
1030 4187 1216 4254 adquiescere

56 4252 223 4321 schwbrung
239 4271 308 4309 war.
335 4252 395 4376 Vql.
434 4255 568 4312 autumat
584 4258 608 4312 8.
660 4271 693 4312 re
711 4256 758 4312 hat
775 4256 845 4312 auch
858 4256 910 4313 Cic.
925 4255 1014 4312 neben
1032 4254 1217 4322 adquirere.

56 4322 354 4388 lc-quisempsa
382 4322 609 4386 atur,d.i.den
699 4328 738 4383 10.
770 4340 833 4381 nec
854 4350 889 4369 ’ν
911 4325 1057 4392 quidem.
1097 4326 1124 4383 S.
1145 4320 1218 4387 Einl,

1255 4436 1299 4497 A
