2752 4776
199 259 324 313 UEBER
341 260 418 313 DEN
436 258 779 311 SPRAOHGEBRAUOH
796 259 867 311 DES
886 260 919 323 Q.
939 257 1106 314 CURTIUS.
1194 257 1235 323 19

17 490 20 495 .
62 432 90 492 io
117 428 219 508 aliqua
245 438 325 491 veste
354 447 419 490 esse
447 456 490 479 ===
513 438 591 489 veste
620 427 717 506 aliqua
745 428 881 490 indutum
914 446 990 489 esse.
1037 426 1232 489 Remerkens·

63 514 157 576 uartb
180 515 220 573 ist
241 513 401 575 hochstens
424 513 472 573 bei
494 514 540 574 C.:
574 516 606 573 in
633 515 818 573 incremento
847 531 912 574 esse
942 511 1002 573 und
1028 515 1059 573 in
1088 512 1162 573 ssore
1185 532 1234 573 ae·

63 602 145 668 tatis;
174 600 208 660 iu
231 597 379 666 absentia;
408 606 488 658 stare
509 600 540 657 in
564 596 697 676 partibus
719 597 843 658 alicuius
864 595 894 658 3.
920 594 969 656 11.
995 593 1050 665 18,
1078 598 1108 656 16
1130 599 1234 675 paucis

64 682 303 760 [naehclassisohJ
325 710 368 732 =
388 690 509 761 praeter
532 689 649 742 eeteros
670 679 700 743 3.
726 679 776 741 11.
800 677 834 750 8;
864 680 1001 759 deperire
1029 682 1059 740 in
1082 679 1180 760 aliquo
1203 677 1231 742 8.

61 766 89 829 6.
113 764 151 836 8;
174 770 206 827 iu
230 784 332 827 mensa
348 769 426 828 vesci
447 764 478 828 5.
499 762 528 827 2.
546 762 599 834 14;
624 765 792 836 libertatem
813 783 920 843 gerere
942 767 973 825 in
996 763 1107 825 dextris
1128 761 1158 824 4.
1184 763 1232 825 14.

61 849 102 914 25
126 849 359 931 (6318611661.
382 847 441 919 58;
465 850 525 910 Liv.
549 847 579 911 5.
603 847 654 912 36.
677 846 723 928 5);
746 851 777 910 16
800 851 955 911 maiestate
979 851 1128 910 veneratio
1150 848 1180 909 6.
1203 848 1233 910 5.

62 932 102 997 29
126 932 167 1015 (d.
193 933 221 996 7.
246 932 290 1013 7);
314 933 485 995 6661161616
509 933 590 994 vobis
612 933 725 995 liberos
747 932 853 1004 habeo,
877 953 899 994 s.
925 930 955 994 6.
979 928 1009 994 9.
1036 929 1083 993 12.

146 1017 178 1099 β)
204 1038 229 1080 6.
253 1037 326 1079 666.
371 1019 401 1079 S.
425 1017 504 1079 oben
526 1016 559 1096 ὅ.
584 1016 602 1080 7
626 1017 655 1078 b.
694 1019 748 1079 ΜΒ
768 1020 800 1078 16
822 1016 920 1078 locum
943 1016 1071 1095 aliquem
1095 1017 1177 1077 verb.
1201 1018 1233 1079 6.

64 1105 155 1174 coire,
179 1103 320 1174 condere,
344 1102 512 1171 considere,
535 1103 675 1180 defigere,
697 1103 851 1179 inponere,
874 1105 1021 1180 recipere,
1044 1110 1188 1169 statuere;
1212 1119 1236 1161 6.

62 1187 141 1249 oben
165 1185 220 1266 u.¹)
258 1186 362 1248 Neben
384 1188 468 1248 humi
490 1185 542 1247 bat
562 1205 596 1246 66
618 1185 772 1247 mebriaeh
793 1189 825 1247 iu
841 1185 974 1247 humum.
1005 1186 1064 1247 Der
1080 1185 1237 1247 Gebraueh

62 1290 120 1333 ron
143 1273 175 1330 in
189 1298 233 1321 =
247 1270 283 1329 ad
308 1270 395 1348 (final)
419 1270 513 1331 findet
534 1270 597 1331 sich
621 1271 704 1331 nicht
725 1269 819 1331 seiten
842 1269 890 1332 bei
913 1271 944 1332 6,
962 1270 1067 1350 (661166
1090 1269 1235 1331 bekannt·

62 1356 122 1418 iioh
145 1356 195 1416 bei
218 1354 397 1433 Classikern)
421 1374 446 1414 z.
470 1354 503 1414 Β.
528 1356 559 1414 16
581 1354 806 1425 contumeliam,
835 1354 949 1424 dotem,
978 1355 1117 1433 gratiam,
1146 1357 1235 1415 iaeta-

63 1442 191 1510 tionem,
219 1458 314 1519 spem.
359 1438 422 1498 Den
446 1438 604 1500 Gebrauoh
626 1457 683 1500 von
709 1443 741 1499 t'o
770 1439 818 1500 bei
846 1438 1088 1500 substantiuirten
1117 1438 1237 1500 Neutris

62 1543 88 1585 6.
113 1530 213 1602 genet.
238 1523 278 1601 (in
301 1522 493 1600 aliquantum,
517 1524 548 1583 in
569 1524 763 1593 immensum,
788 1524 843 1601 vgl.
866 1520 897 1583 4.
921 1520 952 1585 2.
978 1521 1032 1591 19;
1056 1520 1085 1584 8.
1112 1520 1159 1583 14.
1183 1518 1235 1601 28)

61 1610 114 1670 hat
129 1608 161 1670 6.
178 1609 233 1667 mit
248 1606 347 1669 Livius
368 1609 560 1684 gemeinsam‚
582 1609 636 1667 wie
652 1608 727 1668 aucb
750 1607 808 1668 den
823 1625 880 1667 von
903 1609 934 1667 16
957 1608 1078 1668 modum
1095 1625 1120 1667 6.
1137 1613 1235 1684 genet.

62 1692 245 1754 Ausserdem
259 1693 299 1751 ist
314 1699 387 1752 etun
403 1709 439 1751 zu
455 1690 630 1751 bemerken:
656 1690 753 1751 cuitus
768 1693 798 1751 in
814 1709 926 1768 regem,
950 1710 1045 1770 poena
1064 1695 1094 1751 in
1111 1692 1235 1760 hostem,

62 1778 196 1854 degener
217 1777 250 1834 in
272 1794 380 1845 mores,
404 1782 537 1835 maturus
559 1777 591 1835 in
614 1793 678 1836 rem
701 1777 791 1836 sowie
813 1777 918 1853 accipi,
942 1775 1049 1837 cedere
1071 1794 1098 1835 n.
1116 1778 1190 1836 verti
1206 1778 1237 1835 in

62 1858 282 1929 contumeliam,
306 1858 431 1936 gloriam
453 1877 482 1918 n.
506 1857 601 1935 dergl.

148 1947 236 2005 inter.
274 1945 352 2004 inter
373 1960 448 2021 quos
470 1945 525 2003 mit
539 1943 656 2017 eignem
673 1942 812 2010 Verbum,
835 1944 892 2003 1661
908 1944 1059 2020 angeir'rgt,
1078 1971 1121 1994 =
1137 1944 1237 2004 ε66166

61 2028 217 2099 auderem,
232 2045 299 2087 zum
316 2026 457 2105 Reispiel’
472 2062 516 2072 —
531 2025 691 2086 vereinzelt
706 2027 781 2087 anob
796 2026 868 2095 Liv.,
885 2047 910 2087 z.
925 2027 959 2087 Β.
976 2023 1029 2089 23.
1049 2027 1077 2087 l.
1094 2025 1171 2087 9-
1186 2027 1235 2088 hat

61 2113 93 2173 6.
117 2111 284 2179 mebriaob,
308 2107 338 2171 3.
364 2109 413 2171 11.
439 2108 493 2178 10;
516 2108 547 2172 5.
572 2108 600 2169 1.
623 2105 680 2178 2Ο;
704 2107 733 2171 6.
756 2105 786 2171 5.
812 2107 851 2172 18
874 2129 903 2171 6.
927 2117 955 2171 ὃ.
1000 2110 1053 2171 1116
1074 2113 1236 2189 regelmis·

60 2198 126 2274 sige
155 2194 382 2265 Gonstruktion,
410 2193 553 2255 wornaoh
582 2197 661 2255 inter
689 2213 765 2273 quos
793 2193 862 2255 bein
891 2197 992 2273 eignes
1016 2194 1145 2256 Verbum
1174 2197 1234 2267 bat,

61 2280 142 2341 steht
164 2275 194 2338 4.
219 2274 247 2339 8.
274 2276 327 2347 11;
351 2274 379 2339 8.
403 2276 433 2339 6.
457 2275 508 2339 27.
546 2278 608 2357 Vgl.
625 2279 741 2339 bierzu:
771 2280 802 2338 in
825 2280 892 2357 quis
913 2277 943 2341 3.
959 2276 990 2340 2.
1006 2278 1036 2352 3,
1061 2281 1143 2342 Caes.
1160 2281 1189 2341 b.
1207 2301 1232 2343 6.

60 2360 91 2423 2.
116 2361 147 2424 3.
193 2362 293 2425 Ueber
321 2364 399 2423 iuter
427 2362 501 2423 haee
524 2365 611 2441 (inter
633 2381 708 2442 quae
729 2359 759 2423 4.
782 2359 812 2422 2.
838 2359 892 2432 10;
926 2361 974 2425 10.
1001 2364 1028 2425 1.
1054 2362 1103 2444 13)
1125 2394 1168 2416 =
1189 2369 1235 2426 in·

59 2456 146 2508 terea
168 2464 191 2506 6.
209 2445 242 2526 §-
261 2443 300 2506 12
321 2446 349 2507 b.
388 2447 452 2507 Den
475 2449 643 2524 Vorrang
665 2447 840 2507 bezeichnet
861 2451 941 2508 iuter
961 2450 1007 2508 in:
1041 2452 1119 2510 inter
1141 2468 1236 2529 pauca

60 2567 105 2576 —
133 2530 359 2592 memorandum
382 2528 412 2592 5.
435 2527 465 2592 5.
489 2528 524 2598 5;
553 2533 631 2592 inter
659 2549 763 2592 omnes
786 2566 824 2575 —
849 2532 944 2592 cultus
966 2530 995 2593 7.
1018 2530 1047 2593 5.
1073 2530 1127 2601 19;
1156 2537 1236 2594 inter

61 2616 162 2676 omnia
189 2617 287 2677 notari
314 2613 344 2676 3.
368 2612 398 2676 3.
424 2612 462 2675 17
493 2614 553 2675 666
581 2615 736 2675 mebriaoh
763 2614 812 2674 boi
841 2617 982 2676 eminere.
1005 2649 1048 2660 -
1075 2618 1153 2676 inter
1183 2636 1236 2678 ora

60 2700 194 2760 hostium
222 2701 259 2760 ist
289 2698 485 2767 dichterisob,
515 2699 650 2777 dagegen
679 2698 730 2759 bat
755 2700 834 2758 inter
856 2716 960 2759 manus
982 2728 1024 2749 =
1045 2701 1076 2760 in
1098 2700 1236 2762 manibus

60 2783 247 2928 6166564616.
292 2782 390 2843 Ueber
417 2785 497 2843 inter
528 2785 680 2860 angustias
708 2811 750 2833 =
776 2784 807 2842 in
836 2784 980 2860 angustiis
1008 2803 1031 2845 s.
1061 2781 1090 2845 3.
1120 2782 1148 2845 7.
1181 2783 1235 2856 10;

146 2955 241 3012 intra.
278 2951 319 3010 Zu
340 2952 419 3010 iutra
442 2949 577 3010 naturale
601 2950 790 3020 desiderium,
814 2953 891 3011 intra
914 2951 1004 3012 verba
1027 2971 1153 3031 peceare
1175 2954 1233 3032 vgb

58 3037 141 3096 intra
170 3034 251 3112 leges
280 3032 408 3113 epulari,
438 3036 515 3095 intra
544 3034 664 3094 modum
687 3033 797 3112 aliquid
819 3036 918 3096 166666
940 3038 971 3095 16
994 3035 1081 3098 Cio's
1103 3037 1234 3099 Brieien.

59 3121 202 3197 Dagegen
224 3120 263 3178 ist
285 3120 362 3179 intra
385 3138 417 3178 se
441 3118 558 3179 volvere
582 3121 776 3196 cogitationes
790 3147 832 3169 =
847 3136 958 3189 seeum,
984 3116 1032 3181 10.
1050 3117 1079 3182 8.
1097 3118 1126 3190 9,
1143 3123 1233 3183 66611·

59 3203 213 3265 elassisob.

147 3289 183 3348 ob
204 3286 256 3347 hat
277 3286 370 3346 sehon
393 3287 424 3348 6.
447 3292 580 3347 busserst
602 3284 715 3362 haufig;
738 3287 778 3345 im
801 3292 924 3366 spatern
946 3288 1050 3350 Latein
1072 3289 1179 3368 drangt
1201 3309 1235 3351 es

59 3371 126 3433 sich
147 3373 257 3432 immer
279 3369 365 3430 mebr
387 3389 424 3430 an
446 3370 495 3431 die
518 3368 607 3431 Stelle
630 3388 686 3430 von
709 3378 840 3449 propter.

143 3472 203 3532 per
225 3472 342 3515 amnem
365 3456 503 3533 navigare
524 3481 567 3504 =
589 3455 719 3515 secundo
742 3472 830 3516 amne
847 3456 878 3534 (1)
903 3475 927 3517 6.
951 3453 980 3517 9.
1005 3452 1034 3517 8.
1058 3452 1087 3517 2.

140 3547 224 3616 post.
263 3539 316 3600 Die
330 3541 372 3600 im
387 3538 568 3601 elassiscben
583 3538 687 3598 Latein
703 3537 806 3609 seltne,
823 3547 885 3600 erst
899 3542 956 3600 seit
969 3541 1068 3602 Livius
1083 3541 1234 3619 bautigere

59 3623 257 3700 Verbindung
280 3640 334 3682 von
357 3633 425 3700 post
445 3625 500 3683 mit
521 3622 590 3683 dem
612 3624 812 3684 decusativ
841 3626 924 3684 eines
952 3624 1047 3686 durch
1073 3627 1139 3686 eine
1162 3626 1232 3687 666-

58 3707 209 3771 dinalzahl
237 3707 311 3768 oder
339 3705 531 3786 allgemeines
558 3706 718 3768 Numerale
751 3707 845 3768 nither
873 3706 1064 3770 bestimmten
1092 3709 1232 3780 Nomens,

58 3813 82 3854 z.
108 3793 142 3854 Β.
167 3799 236 3872 post
257 3810 367 3871 paucos
390 3792 452 3852 dies
473 3818 516 3842 ==
538 3792 639 3870 paucis
660 3790 765 3852 diebus
787 3800 871 3871 post;
900 3801 968 3872 post
992 3793 1099 3853 multas
1122 3799 1233 3855 aetates

58 3907 100 3929 =
123 3876 226 3938 multis
248 3875 394 3937 aetatibus
415 3884 492 3955 post,
517 3875 568 3936 bat
589 3875 665 3937 auch
687 3876 717 3937 6.
741 3875 903 3937 bisweilen.

142 3978 211 4038 pro.
248 3959 346 4020 Schon
361 3960 459 4023 Livius
476 3959 701 4038 (beziehentiicb
716 3961 792 4021 auch
808 3960 867 4021 616.
885 3979 912 4020 6.
930 3959 1024 4037 6666.)
1041 3958 1152 4020 haben:
1176 3980 1232 4041 pro

60 4064 168 4125 opere,
199 4046 339 4106 contione
361 4053 455 4115 stare;
478 4063 534 4124 pro
556 4044 614 4107 fide
637 4046 728 4112 mori;
756 4062 811 4124 pro
834 4042 929 4104 salute
946 4043 1036 4105 verba
1058 4047 1232 4123 concipere

126 4245 150 4368 ἰ)
162 4244 192 4300 16
204 4243 325 4300 medium
338 4243 413 4301 verb.
427 4242 454 4301 6.
466 4245 517 4301 mit
528 4242 664 4307 conferre,
677 4242 832 4323 consulere,
845 4243 1004 4311 procedere,
1017 4252 1148 4308 statuere,
1162 4246 1230 4302 narb

64 4312 114 4369 den
151 4310 340 4369 andsebriiton
353 4312 423 4369 auch
435 4312 485 4368 mit
497 4311 594 4369 adesse
604 4334 638 4356 ε·
651 4309 693 4372 εἰς
705 4325 793 4377 orror
804 4315 942 4377 παρεῖναι
955 4314 977 4366 t.
990 4316 1014 4367 3.
1028 4315 1067 4366 17.

991 4393 1027 4445 28
