2752 4776
151 218 213 281 148
611 230 644 291 n.
668 228 772 277 cunm
793 228 875 277 num

59 402 65 414 ·
99 406 131 456 10
148 387 281 448 diturum
305 403 361 445 nec
390 393 578 465 expectasse,
605 384 675 445 dum
703 403 758 463 per
783 385 904 446 nuntios
930 384 1053 446 daretur
1079 385 1174 447 lides'
1209 386 1311 466 Corpus

147 490 235 535 suum
264 477 294 531 et
321 486 446 547 regnum
479 471 652 548 permittere
679 468 736 537 illi,
770 486 859 547 quem
887 468 979 529 sciret
1004 469 1120 548 gloriae
1147 468 1311 531 militantem

147 553 221 617 nihil
244 555 337 632 magis
359 571 447 632 quam
464 554 570 614 lamam
594 554 701 614 timere
722 552 874 632 perlldiae.
911 552 1021 615 Laetus
1039 554 1233 630 ‘simplicitate
1253 550 1344 617 bru-ll

147 640 214 701 bari
237 657 291 699 rex
312 647 343 698 et
364 637 533 708 dexteram,
556 635 625 697 fidei
647 655 717 697 suae
743 639 863 715 pignus,
887 637 968 698 dedit
990 644 1020 698 et
1041 654 1168 715 regnum
1182 640 1311 701 restituit.

98 741 129 789 11
147 745 201 786 nvn
232 722 382 803 elephanti
415 728 514 791 erant,
549 738 623 801 quos
655 720 779 781 tradidit
810 719 993 792 Alexandro,
1027 722 1182 800 multaque
1215 740 1312 801 pecora

149 810 275 869 eximiae
295 805 522 884 magnitudinis,
545 814 648 866 tauros
670 805 707 865 ed
730 825 768 865 ιιι
791 804 886 875 milia,
909 805 1076 884 pretiosum
1097 807 1130 865 iu
1151 825 1188 867 ea
1202 808 1313 886 reglum

98 909 129 957 12
148 899 363 970 acceptumque
386 891 491 951 animis
520 891 708 968 regnantium
737 897 918 950 armentum.
962 888 1124 960 Quaerenti
1144 890 1310 961 Alexandro,

147 977 249 1054 plures
277 974 473 1053 agricultores
500 973 627 1034 haberet
654 991 692 1034 an
720 971 844 1042 milites,
875 992 943 1034 cum
966 973 1084 1035 duobus
1105 974 1234 1053 regibus
1256 974 1310 1036 bel·

147 1059 219 1119 lanti
242 1058 301 1120 sibi
323 1060 434 1119 maiore
458 1057 584 1120 militum
607 1075 696 1136 quam
712 1058 875 1135 agrestium
896 1075 987 1119 manu
1008 1075 1085 1135 opus
1108 1076 1176 1121 esse
1197 1078 1307 1139 respon·

97 1160 129 1209 13
147 1144 199 1204 dit.
243 1142 382 1205 Abisares
405 1151 435 1203 et
462 1142 557 1204 Porus
585 1150 685 1213 erant,
719 1141 826 1202 sedin
854 1141 932 1203 Poro
964 1141 1115 1202 eminebat
1147 1147 1308 1205 auctoritas.

147 1229 279 1307 Uterque
301 1226 379 1288 ultra
400 1225 558 1306 Hydaspen
585 1244 703 1288 amnem
725 1224 870 1304 regnabat
891 1234 922 1285 et
943 1224 1015 1287 belli
1042 1226 1211 1297 fortunam,
1239 1230 1310 1307 quis·

98 1327 130 1376 14
147 1316 216 1391 quis
231 1328 313 1371 arma
328 1313 468 1378 inferret,
485 1312 617 1390 experiri
631 1310 812 1371 decreverat
851 1311 971 1390 Omphis
986 1312 1182 1389 permittente
1196 1310 1310 1373 Alexan·

148 1398 203 1456 dro
226 1404 255 1457 et
277 1397 392 1473 regium
414 1396 529 1472 insigne
557 1396 683 1474 sumpsit
705 1403 736 1455 et
756 1413 840 1455 more
863 1397 958 1471 gentis
986 1411 1057 1455 suae
1085 1412 1215 1465 nomen,
1243 1396 1312 1474 qnod

147 1481 242 1558 patris
274 1480 385 1539 luerat:
423 1476 546 1540 Taxilen
583 1476 769 1557 appellavere
805 1478 981 1557 populares,
1018 1487 1164 1557 sequente
1202 1481 1312 1543 nomine

98 1579 130 1627 15
148 1565 325 1642 imperium,
358 1566 388 1623 in
422 1580 638 1642 quemcumque
670 1564 820 1623 transiret.
874 1563 969 1641 Igitur
996 1580 1064 1623 cum
1096 1581 1152 1642 per
1188 1564 1313 1625 triduum

148 1646 335 1726 hospitaliter
363 1646 562 1708 Alexandrum
591 1648 767 1725 accepisset,
801 1654 907 1725 quarto
937 1647 984 1706 dic
1013 1656 1056 1718 et,
1089 1656 1237 1727 quantum
1258 1651 1314 1709 hu·

148 1735 242 1792 menti
275 1732 382 1810 copiis,
414 1750 487 1811 quas
518 1731 720 1809 Hephaestion
755 1729 894 1800 duxerat,
927 1730 1096 1810 praebitum
1125 1750 1142 1790 a
1171 1750 1206 1793 se
1234 1742 1313 1801 osset,

150 1816 279 1877 ostendit
301 1824 332 1877 et
353 1833 459 1877 aureas
481 1831 607 1876 coronas
636 1815 695 1895 ipsi
723 1815 885 1893 amicisque
913 1813 1068 1883 omnibns,
1098 1823 1221 1894 praeter
1248 1817 1316 1877 haec

98 1918 131 1968 lc
148 1902 254 1978 signati
289 1903 404 1977 argenti
436 1922 520 1961 cxxx
551 1899 661 1960 talenta
695 1898 774 1958 dono
806 1898 897 1960 dedit.
942 1898 1005 1970 Qua
1036 1898 1225 1977 benignitate
1258 1902 1315 1961 eius

148 1984 315 2045 Alexander
337 1985 412 2044 mire
434 1984 529 2044 laetus
552 1990 595 2053 et,
619 2000 695 2061 quae
712 1984 737 2043 is
758 1982 894 2053 dederat,
917 1984 1032 2044 remisit
1054 1991 1084 2044 et
1104 1982 1189 2045 mille
1210 1982 1314 2045 uteru

149 2086 186 2128 ex
207 2068 332 2147 praeda,
361 2086 449 2148 quam
471 2066 612 2135 vehebat,
642 2067 748 2127 adiecit
768 2064 921 2146 multaque
943 2065 1104 2128 convivalia
1127 2086 1164 2128 ex
1188 2085 1262 2130 auro
1288 2078 1316 2129 et

149 2160 273 2230 argento
297 2170 382 2231 vasa,
404 2150 565 2229 plurimum
580 2150 718 2211 Persicae
733 2153 838 2218 vestis,
863 2172 926 2213 xxx
941 2167 1034 2228 equos
1050 2169 1087 2211 ex
1101 2154 1167 2213 suis
1185 2170 1254 2213 cum
1267 2153 1314 2215 iis·

101 2254 131 2302 tt
150 2237 217 2297 dem
239 2236 421 2314 insignibus,
445 2237 512 2314 quis
533 2235 743 2301 adsueverant,
767 2253 835 2295 cum
856 2238 956 2314 ipsum
977 2235 1130 2296 veherent.
1179 2237 1261 2306 Quae
1281 2236 1314 2297 li·

150 2319 289 2383 beralitas
310 2322 387 2380 sicut
410 2319 570 2379 barbarum
586 2318 802 2397 obstrinxerat,
824 2320 864 2380 ita
884 2320 994 2379 amicos
1016 2320 1112 2398 ipsius
1126 2320 1314 2383 vehementer

151 2405 282 2465 offendit.
327 2404 351 2463 Ε
373 2403 481 2483 quibus
514 2401 662 2480 Meleager
684 2419 774 2481 super
797 2420 901 2463 cenam
923 2401 1051 2480 largiore
1066 2406 1135 2464 vino
1158 2422 1231 2466 usus
1252 2422 1314 2484 gra·

149 2488 239 2550 tulari
262 2507 294 2549 se
311 2487 479 2550 Alexandro
502 2487 590 2565 dixit,
614 2486 693 2566 quod
710 2484 816 2547 saltem
837 2488 868 2546 in
890 2486 974 2546 ludia
990 2490 1175 2566 repperisset
1198 2488 1313 2567 dignum

149 2675 227 2728 Anm.
245 2689 279 2727 zu
297 2676 321 2724 9.
336 2674 360 2728 ὅ.
376 2674 417 2727 28.
435 2703 469 2712 -
484 2685 549 2737 per
566 2670 708 2725 nuntios
759 2667 864 2723 landes
883 2670 1022 2724 zwischen
1040 2669 1185 2738 Hydaspes
1205 2688 1234 2726 u.
1251 2671 1313 2725 Ace·

150 2741 176 2797 d.
198 2740 225 2795 h.
248 2739 335 2795 durch
364 2737 570 2805 irgendwelche
592 2735 707 2792 blittels·
760 2736 847 2797 sines,
867 2744 939 2791 etwa
957 2736 1004 2791 das
1025 2737 1138 2805 heutige
1155 2737 1270 2794 Labore.
1286 2765 1313 2775 -

149 2823 300 2876 personen,
321 2805 504 2873 Abgesandte.
731 2822 741 2834 ·
760 2802 930 2859 eminebat
945 2825 979 2845 =
1002 2806 1131 2860 eminens
1152 2810 1225 2861 erat.
1260 2804 1312 2871 Vgl.

184 2894 224 2944 10.
240 2890 386 2956 pieriae.
418 2887 476 2954 Vgl.
491 2890 565 2944 vitoe
579 2888 710 2966 disceres
759 2869 803 2924 dle
821 2873 898 2924 Anm.
917 2886 951 2924 2¹¹
968 2875 993 2925 ⁹·
1011 2874 1053 2926 21.

149 2958 249 3012 amicis
284 2956 525 3023 reipublieoeoue
563 2971 621 3010 reon
654 2954 708 3009 sida
795 2956 834 3008 14.
858 2967 896 3009 se
923 2958 1025 3009 neate
1123 2958 1309 3023 imperium,

149 3024 263 3079 (divitem
282 3038 347 3079 esse
361 3040 388 3078 n.
400 3021 456 3089 dgl.
479 3022 585 3077 Anders
603 3020 708 3088 gelasst
760 3020 786 3075 d.
799 3020 840 3075 ln:
854 2970 1014 3075 verbunden
1025 3036 1084 3076 war
1095 3024 1146 3078 mit
1158 3022 1208 3079 der
1218 3020 1310 3078 Wrirde

150 3094 173 3144 6.
192 3094 218 3142 5.
236 3094 264 3143 t:
283 3090 412 3146 mercede
430 3089 562 3144 molitore.
761 3088 835 3142 eines
864 3086 1038 3144 Herrschers.
1082 3089 1142 3157 Vgl.
1169 3090 1224 3147 den
1251 3092 1309 3145 rom·

185 3177 226 3223 11.
248 3179 361 3235 erant,
384 3188 476 3239 quos,
515 3171 709 3294 νῗοιήθῃῃῑῑ
760 3154 1012 3222 Rechtsgrundsatz
1032 3156 1111 3223 filius
1134 3164 1254 3214 matrem
1272 3170 1309 3211 se·

150 3241 293 3295 elnensem
313 3239 356 3294 die
374 3237 507 3318 brachyto
588 3254 629 3292 rm
648 3235 666 3304 g
685 3243 707 3300 ι,
759 3224 857 3288 ruitur
873 3245 907 3265 ==
925 3221 1006 3278 theilt
1019 3221 1091 3279 Loos
1109 3240 1138 3280 u.
1152 3224 1253 3281 liechte
1268 3223 1308 3278 der

149 3307 333 3363 andererseits
343 3305 421 3362 Setze
430 3314 480 3360 mit
489 3253 610 3372 ghicher
620 3305 710 3360 Breite
760 3290 868 3346 llssllssb

150 3375 198 3431 des
221 3373 379 3430 Ausdruelrs
401 3374 455 3428 wie
479 3378 504 3426 3.
528 3376 551 3455 1..
575 3376 620 3453 1'1;
643 3376 667 3426 6.
685 3375 709 3426 6.
796 3376 835 3427 15.
854 3375 1022 3437 ostendit,
1042 3376 1257 3434 ‘wies¹nach’.

151 3446 191 3498 15·
219 3469 248 3481 ··
281 3447 458 3509 acceptum
487 3456 612 3496 anemos
634 3455 709 3519 sed·
797 3461 836 3513 16.
854 3461 939 3514 mire
955 3457 1082 3521 laetus,
1100 3461 1306 3527 wieme‘repro·

149 3510 202 3565 ller
231 3508 374 3565 Ausdruclr
403 3510 457 3589 hat
477 3509 536 3563 elne
566 3508 710 3575 poeusche
760 3531 820 3580 gum
844 3525 900 3582 Lis,
928 3530 950 3577 1,
973 3528 1015 3581 45·
1043 3529 1067 3582 7,
1112 3526 1208 3583 cicero
1234 3526 1306 3596 pnegt

149 3577 291 3645 Ffllhllssssi
322 3576 376 3644 lgl·
403 3591 547 3643 (1171111101
575 3570 709 3642 &milli
760 3592 809 3647 das
826 3591 991 3648 Adverbium
1014 3609 1069 3648 von
1089 3596 1182 3651 mirus
1204 3612 1238 3651 zu
1257 3608 1305 3649 unt·

151 3642 273 3709 triones,
297 3645 375 3702 Hom.
392 3644 440 3723 ⁰d:
464 3647 509 3723 ¹⁷:
523 3647 579 3726 1429.
597 3671 631 3680 -
650 3659 709 3723 ar·-
760 3658 907 3716 schrelben
925 3659 1012 3715 durch
1030 3662 1135 3717 mirum
1151 3665 1182 3717 in
1199 3661 1304 3719 modum,

150 3718 306 3774 mentum.
326 3711 455 3768 collehtrv
474 3727 528 3765 wne
541 3709 627 3766 olters
646 3725 708 3764 ant·
760 3725 831 3782 (1001,
853 3726 901 3780 hag
924 3727 993 3782 auch
1021 3743 1051 3782 gr
1077 3728 1228 3785 verepnzepg
1247 3729 1304 3783 mpp

150 3780 220 3844 mal,
238 3778 308 3835 Elssl·
327 3779 345 3845 S
363 3784 379 3831 4
391 3796 414 3833 ³·
758 3793 861 3862 fovere
874 3793 929 3848 und
946 3797 1019 3851 mire
1036 3812 1122 3861 quam
1139 3797 1186 3861 (=
1201 3797 1303 3861 θαυμα-

149 3882 151 3904 =
186 3868 227 3920 13.
261 3870 378 3919 erent.-
421 3861 549 3930 Subjeht:
580 3862 636 3917 dno
667 3859 708 3916 illi
759 3853 1050 3928 cedomi-ouis
1073 3862 1302 3921 adsueverant

150 3945 241 3998 repes.
285 3929 444 3986 Abisares
476 3931 512 3984 ist
543 3928 620 3983 wohl
649 3927 710 3983 erb·
761 3926 842 3983 Sinn:
861 3927 917 3981 ‘dio
935 3928 975 3983 sie
998 3929 1175 3996 gewdhnlich
1197 3930 1300 3996 trugen’.

152 3998 239 4052 licher
252 3997 434 4064 Kenigsname
446 3997 501 4052 wie
513 3995 709 4061 Taxiles(814)
761 3993 820 4061 Vgl.
838 3997 862 4047 5.
880 3999 904 4049 4.
924 3998 956 4046 14
974 3999 1038 4063 quis
1055 3998 1232 4055 adsueverat.

151 4081 177 4120 u.
191 4068 343 4120 Assacanus
357 4068 408 4128 (10.
428 4063 472 4126 tt)
492 4063 548 4119 und
566 4062 708 4118 bedentet:
796 4065 837 4112 11.
855 4063 945 4117 sicut
1029 4066 1091 4128 ita,
1112 4063 1267 4123 adversam,
1282 4072 1298 4111 ⁵·

150 4130 303 4188 Herrscher
324 4130 373 4186 der
394 4130 561 4188 Landschalt
577 4128 710 4186 Abhisara
761 4126 830 4182 Einl.
847 4128 866 4193 3
883 4132 916 4179 42
929 4128 956 4184 b.
992 4131 1030 4186 Zu
1047 4146 1138 4199 super
1153 4147 1246 4188 cenom
1257 4122 1298 4191 vgl.

151 4199 179 4252 in
198 4200 247 4254 der
266 4198 376 4265 (legend
393 4216 447 4255 von
464 4198 613 4253 llaschmir.
648 4196 709 4252 Po·
761 4197 847 4251 c.11.
871 4200 917 4260 2⁷3
945 4196 1015 4253 tiber
1040 4198 1084 4254 die
1106 4195 1298 4254 Voranstellunl

152 4281 207 4321 rus
238 4265 417 4322 beherrschte
448 4267 527 4321 einen
553 4263 630 4320 Theil
662 4264 709 4319 des
761 4278 816 4318 von
834 4263 935 4319 saltem
952 4282 974 4320 s.
993 4265 1061 4323 Einl.
1080 4263 1099 4334 3
1116 4270 1147 4319 ct
1162 4265 1186 4320 d.
