2752 4776
75 198 115 261 ta
527 212 559 271 Q.
584 210 686 258 cunm
710 210 790 257 eurr

76 366 141 427 loca
165 366 281 427 deserta
311 366 528 445 Sogdianorum
556 366 661 434 intrat,
691 372 838 427 nocturno
863 366 973 424 itinere
999 364 1165 425 exercitum
1188 362 1231 425 du·
1263 388 1267 393 ·

42 464 159 513 nuens.
204 454 370 529 nquarum,
400 461 432 511 ut
454 461 521 511 autc
550 450 662 511 dictum
686 457 746 518 est,
776 450 901 526 penuria
929 448 1014 527 prius
1042 446 1234 527 desperatione

77 554 165 614 quam
189 534 338 595 desiderio
360 533 482 595 bibendi
504 535 584 595 sitim
607 533 753 594 accendit.
796 534 854 595 Per
876 550 956 595 ccco
977 532 1076 593 stadia
1098 550 1137 593 nc
1157 530 1235 593 mudi-

42 631 129 680 acus
152 619 270 697 quidem
299 617 406 678 bomor
435 619 544 678 existit.
584 618 717 678 Harenas
745 634 836 697 vapor
863 618 967 678 aestivi
996 616 1071 676 solis
1098 614 1237 679 accendit:
1272 578 1285 679 l

77 722 152 783 quae
175 702 225 763 ubi
247 702 373 781 flagrare
397 710 574 781 coeperunt,
597 702 676 763 baud
698 718 785 763 secus
807 719 895 780 quam
918 702 1089 761 continenti
1112 698 1238 761 incendio
1279 684 1285 783 1

46 797 186 850 acuncta
210 796 370 847 torrentur.
417 787 517 863 Caligo
547 785 655 847 deinde
682 785 832 846 inmodico
859 793 959 846 terrae
980 786 1105 844 fervore
1127 786 1238 845 excitata
1282 788 1284 851 l

77 872 174 933 lucem
198 872 278 947 tegit,
304 889 537 949 camporumque
560 889 621 931 uon
643 869 699 930 alia
723 888 811 946 quam
834 871 907 930 vasti
930 877 959 929 et
980 866 1129 947 profundi
1142 884 1236 945 aequo·
1281 854 1284 984 1

44 968 60 1013 a
78 960 121 1017 ris
144 957 258 1035 species
282 964 334 1016 est.
378 954 563 1016 Nocturnum
585 956 643 1015 iter
665 952 820 1015 tolerabile
842 952 1014 1023 ridebatur,
1038 953 1113 1033 quia
1133 970 1193 1013 rora
1209 960 1236 1013 et
1281 986 1284 1023 Ξ

79 1043 224 1102 matutino
258 1040 371 1117 frigore
405 1056 533 1117 corpora
569 1038 753 1100 levabantur.
805 1039 945 1099 Ceterum
979 1055 1051 1098 cum
1086 1038 1151 1114 ipsa
1179 1032 1236 1098 lnce
1281 1038 1284 1049 '

79 1136 177 1187 aestus
210 1126 304 1184 oritur
343 1141 522 1202 omnemque
555 1122 718 1184 naturalem
754 1121 895 1183 absorbet
928 1121 1092 1182 bumorem
1120 1122 1238 1183 siccitas:

45 1220 131 1269 cora
167 1210 339 1285 visceraque
373 1210 492 1285 penitus
526 1216 663 1268 uruntur.
714 1206 818 1285 ltaque
847 1207 975 1285 primum
1003 1207 1117 1275 animi,
1146 1202 1239 1267 deinde

80 1311 205 1371 corpora
239 1292 366 1351 delicere
399 1301 574 1371 coeperunt.
624 1290 747 1368 Pigebat
778 1298 809 1351 et
839 1291 1004 1350 consistere
1037 1298 1068 1350 et
1102 1286 1239 1369 progredi

47 1388 62 1435 t
80 1377 171 1437 Pauci
193 1394 209 1435 a
231 1376 338 1455 peritis
359 1377 490 1452 regionis
513 1375 656 1436 admoniti
678 1382 893 1454 praepararant
915 1392 1033 1453 aquam.
1077 1374 1160 1435 llaec
1180 1388 1239 1451 pau·

81 1460 172 1539 lisper
199 1461 344 1537 repressit
372 1462 467 1520 sitim:
502 1459 611 1521 deinde
638 1467 792 1520 crescente
821 1465 904 1519 aestu
933 1476 1040 1519 rursus
1069 1458 1240 1519 desiderium

81 1544 215 1603 humoris
237 1560 395 1603 accensum
419 1553 473 1605 est.
517 1543 612 1621 Ergo,
642 1543 784 1622 quidquid
813 1543 871 1602 riui
899 1540 1018 1621 oleique
1041 1550 1123 1611 erat,
1151 1540 1241 1603 oribus

81 1626 273 1705 ingerebatur
306 1636 446 1705 tantaque
479 1627 603 1689 dulcedo
636 1626 759 1689 bibendi
785 1626 855 1697 fuit,
885 1636 918 1687 ut
944 1628 977 1686 in
1009 1635 1166 1705 posterum
1186 1624 1242 1685 sitit
1280 1636 1282 1701 ξ

51 1722 144 1772 soon
167 1712 333 1772 timeretur.
378 1711 489 1773 Graves
512 1711 619 1773 deiude
641 1711 725 1772 avide
747 1710 853 1772 hausto
875 1710 1003 1771 humore
1025 1728 1089 1771 uon
1104 1712 1240 1771 sustinere
1279 1703 1282 1777 ξ

82 1814 173 1865 arma,
197 1813 256 1855 non
279 1795 396 1873 ingredi
418 1804 555 1875 poterant
577 1803 606 1855 et
627 1795 778 1856 feliciores
800 1794 987 1863 videbantur,
1010 1812 1087 1875 quos
1110 1792 1239 1874 aquatic·
1279 1803 1282 1835 ³

83 1880 209 1948 fecerat,
239 1898 308 1940 cum
335 1881 393 1960 ipsi
420 1882 483 1940 sinc
511 1880 599 1940 modo
628 1881 756 1940 infusam
779 1880 890 1939 vomitu
913 1887 1097 1957 cogerentur
1120 1893 1239 1957 egerere.
1280 1918 1282 1923 -

49 1965 208 2026 abitrium
230 1982 332 2042 regem
356 1967 444 2024 tantis
466 1963 551 2025 malis
579 1964 752 2025 circumfusi
777 1963 880 2031 amici,
909 1970 942 2022 ut
968 1964 1156 2023 meminisset
1184 1976 1239 2023 ura·

83 2049 169 2118 bant,
197 2050 289 2110 animi
316 2050 362 2108 sni
390 2048 623 2126 magnitudinem
645 2050 766 2108 unicum
788 2047 955 2107 remedium
979 2046 1148 2107 deficientis
1167 2062 1239 2107 exer·

33 2144 66 2192 10
84 2136 162 2193 citus
191 2150 271 2193 esse:
301 2150 367 2192 cum
398 2152 433 2192 ex
462 2133 523 2209 his,
551 2134 602 2211 qui
630 2141 857 2211 praecesserant
886 2130 922 2190 ad
951 2132 1134 2209 capiendum
1153 2130 1238 2191 locun

84 2218 198 2284 castris,
222 2216 280 2277 duo
304 2224 465 2276 occurrunt
486 2216 601 2277 utribus
625 2233 731 2294 aquam
753 2223 912 2291 gestantes,
937 2223 969 2274 ut
990 2214 1061 2276 filiis
1076 2215 1154 2286 suis,
1175 2228 1240 2293 quoa

84 2300 115 2360 in
138 2300 242 2359 eodem
265 2302 384 2375 agmine
407 2318 470 2360 esse
494 2310 524 2361 et
545 2318 633 2378 aegre
657 2301 717 2379 pati
738 2301 816 2359 sitim
845 2316 904 2358 non
926 2299 1121 2376 ignorabant,
1149 2312 1237 2359 occor-
1277 2336 1281 2345 -

36 2396 66 2443 rt
85 2392 197 2444 rorent.
240 2382 297 2452 Qut
319 2401 386 2444 cum
408 2385 439 2444 in
462 2401 564 2461 regem
587 2385 775 2453 incidissent,
804 2380 878 2443 alter
901 2401 936 2442 cx
960 2383 1007 2443 bis
1029 2391 1099 2444 utre
1122 2381 1239 2444 resoluto

84 2486 144 2535 ras,
168 2466 246 2546 quod
269 2467 357 2528 simul
378 2466 508 2537 ferebat,
531 2467 626 2547 inplet
648 2470 803 2547 porrigens
824 2468 899 2544 regi.
943 2466 997 2527 llle
1019 2469 1139 2547 accipit.
1178 2466 1237 2527 Pet·

85 2633 197 2689 tabazus
217 2649 276 2687 war
288 2643 344 2688 erst
356 2633 490 2701 moglicb,
510 2633 642 2689 naclrdem
694 2632 781 2687 durch
794 2631 847 2686 den
861 2631 1016 2687 trostloson
1027 2631 1181 2695 Gedaulrcn
1192 2628 1239 2685 die·

86 2702 186 2765 dieser,
206 2700 255 2755 der
273 2701 323 2755 mit
335 2700 462 2767 Erigyius
481 2719 508 2756 u.
522 2701 641 2779 Caranus
694 2715 743 2754 sen
762 2698 838 2753 nicht
855 2696 970 2753 losclren
989 2715 1024 2753 zu
1044 2699 1189 2781 idoneo..

86 2768 642 2913 atttritilttttltttitliaittlt
694 2771 952 2889 13111311)νοῖνὶὑὴ
968 2768 1140 2889 tttttif‘
1156 2766 1239 2820 ΜΝ·

88 2918 159 2960 wm3
183 2901 362 2956 belremdlrclr
381 2904 430 2963 ist,
454 2903 516 2957 dass
536 2902 562 2957 (l.
583 2902 641 2956 dies
732 2904 757 2954 4.
784 2902 922 2966 species
949 2906 1009 2956 est.
1046 2901 1121 2956 Ganz
1145 2896 1239 2956 aboliti

87 2968 124 3021 im
138 2966 388 3033 Vorhergebanden
404 2970 480 3024 nicht
492 2968 641 3025 ausclrriclr·
694 2968 749 3022 wie
768 2966 837 3025 oben
856 2972 880 3022 4.
899 2971 941 3020 27.

88 3034 143 3088 liclr
162 3042 231 3098 sagt.
260 3033 445 3089 Vermutblicb
464 3036 641 3103 ubertruger
726 3037 751 3087 5.
778 3035 983 3090 naturalem.
1020 3034 1082 3103 Vgl.
1112 3031 1242 3091 naturalia

88 3100 149 3155 lticr
184 3097 308 3154 riemliclr
343 3101 529 3166 gedanlenlos
567 3104 642 3157 scine
694 3104 768 3158 situs
781 3106 805 3153 3.
815 3105 877 3159 4.a;
895 3104 919 3156 8,
940 3106 964 3155 2.
985 3106 1028 3155 22.

89 3164 193 3233 Quelle.
213 3193 255 3243 .—
282 3166 424 3220 dcserta
447 3167 642 3234 Sogdiano·
733 3174 757 3222 7.
775 3174 1047 3234 praepararunt
1064 3192 1099 3213 =
1118 3177 1183 3227 unta
1197 3184 1241 3236 po·

89 3249 172 3288 rum.
191 3231 486 3288 broselllttstesridlicb
497 3251 560 3289 vom
570 3234 642 3289 Oxus
695 3242 810 3298 rorant,
826 3243 961 3301 porciam
977 3236 1129 3292 habebant.
1148 3264 1181 3275 -
1196 3248 1243 3291 oc·

89 3298 187 3354 wurde
223 3297 411 3365 gewtilmlich,
451 3318 483 3356 so
519 3302 589 3356 auch
618 3307 642 3353 4.
696 3310 765 3367 stu,
785 3302 845 3356 hier
862 3302 952 3358 tvohl:
972 3302 1016 3357 die
1035 3303 1188 3371 lirhitzung
1203 3302 1243 3358 der

89 3371 135 3428 27,
164 3366 233 3420 noch
261 3382 295 3420 zu
322 3366 460 3421 bactriana
488 3370 645 3434 gorecbnet.
697 3369 877 3425 Trinlendeu.
899 3395 933 3408 -
955 3372 991 3424 in
1006 3370 1244 3437 peraerumn-

90 3433 226 3500 Sogdiaua
244 3434 281 3487 ist
299 3432 342 3487 dic
355 3432 467 3512 heutige
479 3434 644 3491 Landschaft
697 3440 741 3493 tis
758 3430 821 3501 εὴ
836 3434 879 3497 εἰς
891 3430 923 3489 τὰ
937 3433 1039 3489 ἔπειτα
1053 3439 1140 3504 δίψα,
1155 3434 1245 3493 slfiol.

89 3501 227 3562 Bulrhara‚
251 3517 304 3556 von
327 3499 375 3554 der
399 3517 442 3557 em
465 3502 541 3557 fheil
572 3502 643 3558 noch
698 3504 759 3570 89.

89 3571 158 3636 jetzt
191 3568 292 3636 sego,
326 3566 438 3636 altpers.
471 3569 582 3638 Suglrda
611 3593 645 3613 -·=
731 3575 755 3627 8.
773 3570 961 3625 sinemodo
980 3574 1189 3629 =immodicc
1215 3568 1245 3625 So

90 3645 172 3690 terro
187 3653 278 3702 puro,
298 3645 417 3701 genennt
436 3638 514 3693 wird.
697 3639 767 3694 auch
781 3636 844 3692 Sall.
857 3653 883 3692 u.
896 3636 997 3702 Livius,
1017 3637 1074 3695 bes.
1088 3640 1117 3693 in
1131 3640 1180 3696 der
1190 3638 1247 3695 For·

125 3707 154 3758 2.
172 3710 251 3758 unte
269 3704 397 3759 dictum
414 3712 477 3769 cst,
491 3706 646 3763 chennor.
697 3705 751 3761 mel
770 3706 833 3760 sine
851 3705 931 3759 modo
950 3721 985 3760 uc
1002 3707 1151 3762 modestia.

91 3800 124 3808 -
148 3773 246 3826 sitim
268 3773 429 3826 accendit
450 3774 504 3828 wie
521 3774 573 3839 87
597 3775 646 3829 de·
732 3777 756 3829 9.
780 3778 814 3826 ut
832 3787 921 3826 mem.
940 3773 1101 3828 orabant.
1133 3773 1247 3829 Gonoer:

91 3839 230 3894 siderium
252 3839 381 3894 humoris
399 3856 564 3904 occentum,
587 3842 648 3896 eine
700 3840 744 3896 die
770 3838 894 3894 Frennde
921 3855 1015 3894 waren
1043 3840 1115 3896 eben
1141 3838 1249 3896 dartbar

92 3906 647 3969 nachclassischeausdrucksweise.(loch
699 3907 752 3963 den
770 3906 859 3973 liduig
877 3924 911 3962 zu
929 3905 1128 3974 besclrwciren,
1147 3908 1208 3963 dass
1224 3918 1249 3959 er

93 3972 292 4040 entsprecbeml
320 3972 381 4027 dem
409 3972 576 4030 classisclren
600 3990 645 4029 re·
699 3975 752 4029 den
768 3974 844 4028 lluth
863 3974 939 4029 nicht
957 3973 1055 4030 siukau
1074 3975 1175 4037 lusson,
1193 3989 1249 4029 son·

92 4042 237 4105 stinpucrc
257 4042 467 4107 (exstinquere)
487 4045 571 4098 sitim.
595 4042 647 4097 lter
699 4041 766 4095 dem
794 4039 928 4096 vielmehr
950 4042 997 4097 das
1025 4042 1167 4100 mntblose
1188 4040 1250 4097 llaar

94 4106 219 4161 Gedanle
237 4108 285 4161 ist:
305 4108 352 4161 der
366 4109 585 4176 Wassormaugel
600 4109 647 4164 be·
700 4107 873 4173 ermuthigen
896 4107 978 4172 solla.
1003 4108 1052 4165 als
1076 4119 1128 4167 etc.

92 4173 189 4238 wirlt,
213 4174 285 4228 noch
304 4175 354 4228 ebe
373 4174 422 4229 der
440 4182 647 4242 naturgemisso
734 4178 773 4231 10.
791 4176 826 4229 iu
844 4177 959 4234 collem
982 4181 1117 4245 armine
1141 4178 1165 4233 d.
1183 4178 1208 4232 h.
1225 4176 1250 4228 fu

94 4237 172 4293 Trieb
192 4257 252 4294 zum
266 4239 383 4294 'frinken
402 4241 460 4295 sich
475 4251 546 4308 regi,
565 4242 648 4297 burst
700 4260 754 4310 pun
771 4256 828 4297 rex
845 4252 917 4301 erat.
