2752 4776
20 260 23 267 -
104 220 167 287 104
547 235 580 295 Q.
604 233 708 281 cunm
728 234 808 283 nusi

101 401 183 461 rent,
207 409 274 451 cum
288 389 387 451 Asiam
402 390 449 450 uri
463 392 631 467 vastarique
652 397 817 469 oporteret,
841 389 892 451 sed
909 408 972 460 eos,
997 392 1049 469 qui
1064 390 1264 469 magnitudine

50 496 84 544 er
101 495 203 537 rerum
235 475 321 536 iidem
356 476 592 535 antecessissent.
644 474 723 535 ilaec
757 482 785 535 et
818 475 864 534 his
892 474 1000 536 similla
1032 474 1105 535 laeti
1145 474 1288 539 audiered

102 563 238 629 iuvenes,
262 561 375 638 ingrata
398 558 565 621 senioribus
588 569 687 628 erant,
710 561 837 620 maxime
859 568 982 639 propter
1003 558 1192 639 Philippum,
1214 562 1264 623 sub

50 664 84 713 28
102 664 161 724 quo
184 645 293 705 diutius
325 646 471 705 vixerant:
508 661 576 703 eum
599 641 704 719 Clitus,
740 662 777 704 ue
800 646 864 723 ipse
892 643 1012 723 quidem
1040 645 1117 706 satis
1142 644 1264 716 sobrius,

101 730 137 790 ad
162 748 225 799 eos,
257 732 309 809 qrri
342 730 418 790 inira
436 724 547 809 ¹ipsum
578 726 740 797 cubabant,
776 746 938 790 conversus
970 728 1124 807 Euripidis
1157 729 1266 792 rettulit

102 832 237 884 carmen,
267 816 307 874 ita
330 822 363 873 ut
385 832 476 874 sonus
498 814 591 890 magis
619 830 706 892 quam
733 831 832 874 sermo
860 813 996 874 exaudiri
1023 821 1128 891 posset
1150 833 1167 875 a
1189 830 1262 893 rege,

50 916 84 965 29
101 916 161 978 quo
183 898 415 978 significabatur,
443 899 520 959 maie
546 899 706 958 instituisse
728 899 872 968 Graecos,
903 898 980 976 quod
1007 899 1145 977 tropaeis
1165 916 1260 977 regum

101 983 252 1043 dumtaxat
266 986 387 1043 nomina
410 981 622 1043 inscriberent:
641 981 737 1042 aheno
754 984 832 1043 enim
849 986 993 1061 sanguiue
1007 992 1128 1061 partam
1146 981 1258 1061 gloriam

101 1069 247 1146 intercipi.
291 1067 393 1145 ltaque
426 1085 493 1136 rex,
528 1086 593 1127 cum
625 1068 827 1147 suspicaretur
857 1068 1012 1144 malignius
1033 1067 1173 1129 habitum
1201 1086 1258 1130 csse

49 1172 83 1221 30
100 1170 283 1220 sermonem,
306 1154 476 1231 percontari
492 1155 643 1229 proximos
658 1154 770 1232 coepit,
795 1151 864 1229 quid
887 1171 923 1212 ex
939 1152 1011 1212 Clito
1027 1152 1197 1213 audissent.
1228 1152 1264 1213 Et

99 1236 157 1299 illis
179 1237 216 1297 ad
245 1236 390 1297 silendum
419 1235 574 1297 obstinatis
596 1235 690 1296 Clitus
722 1234 864 1315 paulatim
899 1238 1010 1296 maiore
1042 1254 1116 1297 voce
1140 1235 1263 1317 Philippi

99 1331 164 1381 acta
191 1320 326 1400 bellaque
355 1322 383 1380 in
412 1321 534 1381 Graecia
564 1330 647 1398 gesta
677 1328 902 1391 commemorat,
932 1322 1264 1400 omniapraeseottbos

47 1406 281 1486 31praeierens.
321 1404 396 1465 Hinc
418 1407 494 1465 inter
516 1406 648 1465 iuniores
669 1422 814 1482 senesque
830 1415 893 1465 orta
909 1406 1059 1467 contentio
1076 1412 1137 1467 est:
1163 1415 1193 1467 et
1207 1424 1264 1477 rex,

98 1490 176 1550 velut
198 1491 345 1565 patienter
367 1489 495 1558 audiret,
519 1490 588 1568 quis
604 1489 695 1551 Clitus
711 1489 866 1551 obterebat
887 1490 991 1550 laudes
1012 1490 1090 1558 eius,
1114 1492 1264 1570 ingentem

46 1590 79 1641 se
97 1576 171 1634 iram
195 1582 380 1650 conceperat.
426 1572 564 1634 Ceterum
598 1593 664 1634 curn
688 1576 786 1634 animo
814 1573 966 1635 rideretur
993 1575 1216 1653 imperaturus,
1241 1577 1264 1637 si

97 1660 186 1719 tinem
208 1659 373 1737 procaciter
395 1665 462 1719 orto
484 1661 616 1720 sermoni
639 1656 730 1720 Clitus
752 1661 925 1738 inponeret,
948 1658 1021 1719 nihil
1039 1677 1075 1719 eo
1091 1662 1263 1722 remittente

45 1745 192 1821 ,armagis
214 1742 452 1823 exasperabatur.
490 1744 611 1823 Iamque
634 1742 726 1804 Clitus
748 1746 836 1804 etiam
852 1743 1080 1805 Parmenionem
1103 1744 1259 1807 defendere

97 1826 225 1889 audehat
247 1835 276 1888 et
297 1826 426 1907 Philippi
449 1828 486 1889 de
501 1827 730 1889 Atheniensibus
752 1829 904 1889 victoriam
922 1827 1094 1889 Thebarum
1117 1832 1257 1909 praeiere·

96 1911 147 1973 hat
169 1912 299 1983 excidio,
328 1930 388 1973 non
410 1914 478 1974 vino
500 1911 603 1983 modo,
633 1913 684 1975 sed
713 1913 801 1975 etiam
829 1916 920 1974 animi
949 1931 1038 1993 prava
1073 1916 1259 1976 contentione

95 2129 203 2191 thrahe.
222 2130 265 2186 die
277 2129 365 2186 neben
384 2130 436 2186 den
451 2129 654 2185 eleusinischen
705 2136 752 2181 τάι
770 2131 829 2181 nrt.
848 2158 881 2167 -
906 2132 1075 2197 intercipi
1096 2146 1137 2186 se.
1156 2148 1175 2187 a
1192 2134 1261 2197 reci·

93 2197 122 2252 iu
152 2198 252 2253 hohem
278 2199 406 2253 Ansehen
436 2196 566 2261 standcn‚
597 2197 653 2252 ein·
705 2197 765 2253 bus.
802 2197 945 2252 Ausdruch
966 2198 1021 2252 wie
1039 2202 1063 2253 8.
1083 2202 1124 2253 17.
1143 2228 1176 2235 -—
1199 2202 1259 2253 ito·

92 2264 653 2331 weihenlassenundbeidieserGologen·
704 2279 770 2331 que
788 2264 813 2320 d.
832 2266 859 2320 h.
878 2268 1057 2332 qniasonnm
1071 2268 1164 2333 meeis
1199 2282 1259 2323 nom

93 2332 152 2387 heit
178 2331 221 2387 die
247 2330 457 2388 bohanntschait
484 2333 532 2388 der
560 2332 652 2399 Olym·
704 2347 863 2388 sermonem
893 2333 1098 2396 eoecndioerot,
1126 2284 1198 2390 doch
1226 2334 1258 2389 ist

93 2399 153 2520 pies
181 2400 318 2465 gemacht,
346 2400 417 2455 Plut.
441 2400 514 2456 Alex.
537 2404 560 2455 2.
602 2400 652 2456 ner
704 2400 747 2455 die
774 2401 950 2456 consecutive
970 2398 1049 2455 Krait
1075 2401 1127 2457 der
1145 2400 1257 2458 Partiiel

116 2467 171 2522 obn
201 2465 278 2521 wirit
305 2468 365 2522 hier
395 2468 455 2523 dem
483 2468 564 2523 Vater
594 2484 651 2530 ror,
704 2468 778 2531 hier,
804 2468 857 2523 wie
879 2468 932 2531 oit,
956 2468 1020 2524 sehr
1042 2467 1255 2535 abgesehwtcht,

94 2534 156 2590 dass
186 2551 216 2589 er
244 2535 271 2588 in
302 2536 389 2590 einem
416 2536 494 2591 Alter
520 2552 583 2590 cum
701 2551 733 2590 so
752 2535 814 2590 dass
834 2536 873 2591 sie
897 2536 925 2591 in
947 2535 996 2591 der
1012 2534 1188 2605 Hauptsache
1209 2552 1255 2592 nur

93 2608 238 2725 {ppriereft
262 2602 307 2724 fdiu
337 2602 446 2725 spipjhes
473 2602 650 2725 Possepppipl
702 2602 1254 2727 deppipedient,pendrpdenneeiepblpzapduug

114 2686 137 2724 er
201 2686 319 2726 eunen
360 2687 551 2725 rae-oi
599 2688 649 2732 r,
701 2687 728 2724 w
792 2687 936 2725 ranzunu
986 2688 1011 2728 n.
1064 2688 1157 2727 usc:
1191 2688 1252 2733 urz,

93 2686 232 2793 rielioihht
254 2762 287 2781 =
314 2732 483 2791 ἐποπτεύειν
511 2738 564 2802 (die
586 2736 649 2791 Eiu-
702 2752 820 2805 genug.
855 2767 888 2774 -
927 2688 1128 2804 redonantur,
1165 2739 1203 2795 als
1228 2755 1251 2793 es

94 2806 249 2872 goweihton
295 2807 344 2861 der
391 2806 526 2860 hdehsten
571 2804 650 2861 Stuie
702 2805 778 2861 wohl
803 2812 882 2860 sonst
906 2805 933 2860 in
958 2814 1083 2873 erregter
1100 2807 1253 2862 Weinlaune

92 2874 201 2929 hiessen
234 2868 380 2941 ἐπόπται),
415 2874 486 2928 doch
517 2872 588 2927 kann
621 2888 649 2927 es
702 2890 736 2928 zu
760 2873 917 2952 geschehen
939 2872 1049 2995 plilcgte.
1086 2874 1250 2930 Uebersetze:

92 2941 161 2994 auch
189 2939 295 2996 einiach
322 2964 355 2984 =
386 2942 480 3006 odire,
511 2943 651 2995 interesse
704 2939 939 2996 ‘absonderltc
989 2940 1116 3006 hoshaft,
1151 2939 1250 2997 schari’.

92 3008 160 3063 sein.
172 3035 204 3044 —
222 3011 513 3071 antecessissent,
531 3008 650 3062 namlich

92 3073 568 3130 indemselbenLebensalter.
589 3074 648 3141 Vgl.
735 3088 775 3138 31.
799 3083 921 3140 londes
947 3086 1036 3146 eins,
1066 3082 1248 3151 grammatisch

91 3145 115 3197 ³·
136 3146 175 3194 13.
195 3145 225 3191 1¹
242 3142 363 3209 fortuna
378 3143 649 3209 fidemssoecedenie·
701 3152 776 3206 nicht
794 3151 945 3217 ansrcssig,
969 3151 1003 3206 da
1025 3151 1075 3206 der
1098 3151 1250 3209 Relatirsetr

124 3245 166 3295 et.
184 3243 328 3297 invenes
359 3265 391 3284 =
420 3244 561 3306 iuniores,
593 3243 648 3310 vgl.
700 3219 736 3273 im
755 3217 885 3273 lndikfflv
903 3220 985 3274 steht·

91 3309 159 3375 831
182 3311 258 3364 inter
283 3311 412 3364 iuniores
437 3326 584 3377 senesque.
613 3340 647 3348 -
924 3365 929 3375 ¹
1115 3365 1121 3376 ,

91 3376 152 3432 snb
174 3393 243 3441 qno.
283 3378 359 3433 Auch
387 3376 522 3433 Classiher
549 3394 646 3444 sagen:
733 3366 773 3415 32.
797 3378 869 3417 cum
897 3363 1083 3419 vtdereiur
1110 3379 1249 3447 tmpera-

90 3444 143 3500 snb
155 3445 248 3511 atiquo
259 3446 351 3509 (deice,
365 3447 443 3512 repe)
457 3461 529 3509 esse,
544 3450 647 3510 ninere,
698 3437 800 3486 WWS
810 3453 855 3509 ,“-“
869 3427 967 3510 ,δοξῶν
990 3424 1131 3518 &theatris
1152 3452 1187 3513 ἦν
1203 3426 1250 3483 ἔσε-

89 3513 219 3568 milr'tpre,
699 3501 771 3550 σθαι
789 3515 838 3563 της
861 3515 960 3565 coppe,
988 3516 1014 3551 ec
1108 3513 1248 3553 nunccine.

123 3609 156 3658 28
197 3608 202 3618 .
327 3608 333 3620 .
700 3565 759 3632 Vgl.
793 3564 845 3620 Cic.
879 3565 950 3641 Lacl.
989 3570 1021 3618 82
1059 3566 1251 3634 cupiditatibus

159 3605 292 3673 ,infre
321 3622 447 3672 ipsum,
478 3607 536 3663 also
575 3608 647 3663 noch
698 3634 877 3700 imperabunt
911 3651 938 3689 u·
974 3641 1060 3689 umen
1096 3638 1121 3685 4,
1156 3639 1195 3687 pp¹
1221 3656 1247 3669 .-

89 3680 187 3728 Wffltsss
213 3689 278 3772 [⁰¹¹¹
313 3673 417 3753 K⁰Ju3⁰
452 3675 580 3753 ⁰¹¹tf9fm·
612 3703 646 3712 “
700 3703 898 3756 remittente
932 3701 986 3756 wie
1020 3704 1140 3757 remittit
1170 3700 1248 3758 dolor,

90 3755 195 3862 {firm
213 3773 246 3784 ““
270 3740 463 3797 besnmmte
488 3741 646 3797 ⁸¹¹¹Z⁸¹¹¹⁶
700 3766 1249 3836 venteshoiClusinos-exaspera·

133 3817 214 3863 Μ’
700 3837 815 3897 batur,
844 3836 886 3890 oin
911 3836 1086 3893 liviauischer
1110 3832 1249 3892 Ausdruci.

122 3905 167 3954 29.
193 3918 255 3968 quo
284 3902 571 3970 siqnificobctnr.
614 3902 647 3957 Es

87 3985 148 4024 war
170 3969 213 4025 die
232 3968 317 4025 Stelle
339 3969 430 4036 uorrp.
454 3970 582 4025 Androm.
600 3973 650 4022 684
736 3976 777 4023 33.
794 3988 904 4037 prece
927 3974 1157 4028 contentione.
1189 3969 1248 4046 Cen·

88 4035 129 4089 n:
157 4037 233 4104 οἴμοι
260 4030 332 4090 καθ’
357 4031 472 4090 ‘nteit'
497 4034 533 4097 ὡς
553 4037 649 4098 κακῶς
702 4041 787 4094 tentio
814 4039 866 4094 ist:
897 4037 1133 4105 Hartnaotngken,
1163 4039 1248 4094 Stren-

88 4103 245 4169 νομίζεταιῐ
266 4105 270 4171 Ι
289 4095 360 4157 ὅταν
399 4111 525 4172 τροπαῖα
564 4109 648 4157 πολε·
700 4108 789 4162 sucht.
825 4106 861 4162 So
889 4115 960 4161 setzt
982 4107 1076 4162 Cicero
1101 4107 1146 4171 (de
1173 4122 1208 4162 or.
1228 4105 1247 4155 l·

88 4171 161 4233 ptov
181 4167 424 4249 crdcp'crpordr,
441 4173 445 4239 Ι
462 4166 494 4225 οὐ
518 4172 574 4225 τῶν
596 4192 647 4226 πο·
699 4173 742 4242 et)
762 4175 805 4229 die
824 4177 964 4230 contentio
976 4174 1025 4229 der
1037 4177 1144 4230 veritos
1157 4186 1247 4245 gegenf

48 4302 51 4309 Ι
88 4231 216 4318 nodetur
233 4257 355 4306 conopon
373 4234 514 4317 duodenne
536 4236 632 4306 edrici
699 4242 780 4304 tibet,
809 4242 853 4297 die
878 4241 1031 4303 Streiierei,
1060 4240 1246 4298 Reolrthaberet

44 4312 71 4496 ἱ
87 4305 141 4355 nit
167 4301 351 4374 ὁστραιηγός
364 4306 416 4372 τὴν
431 4308 550 4375 δοκησιν
561 4301 647 4375 dono·
700 4309 749 4366 der
767 4308 1119 4377 Wahrheitseriorschung.
