2898 4906
325 343 329 351 .
366 313 608 362 msromancu
630 314 837 362 ansxrunnx
859 316 898 382 ιι,
920 284 967 361 ι’
1180 301 1243 366 ‘209

68 487 145 545 quos
174 478 239 529 erat
266 477 456 539 retenturus,
491 469 597 538 edixit,
626 479 659 530 ut
680 487 784 530 omncs
814 468 921 531 milites
950 489 999 531 aes
1022 469 1150 534 alienum
1174 490 1244 550 pro·

69 555 240 613 [iterentur.
279 554 373 613 Grave
396 551 545 630 plerisque
561 571 627 613 esse
643 563 822 632 conpererat
836 563 883 624 et,
906 572 1086 634 quamquam
1108 557 1242 635 ipsorum

68 637 142 697 luxu
160 647 347 698 contractum
368 649 446 706 erat,
470 635 632 698 dissolvere
654 647 754 698 tamen
781 641 847 716 ipse
876 638 1057 700 decreverat
1095 639 1140 700 llli
1167 651 1242 701 tem·
1263 659 1296 708 ιιι

67 724 148 799 ptari
164 723 247 800 ipsos
262 722 334 792 rati,
350 740 409 800 quo
426 720 541 781 facilius
556 720 593 780 ab
610 722 734 797 integris
752 719 942 801 sumptuosos
957 723 1149 792 discerneret
1173 743 1242 804 pro·

67 805 191 866 letando
225 804 407 884 aliquantum
438 813 628 866 extraxerant
660 808 814 882 temporis.
861 806 898 866 Et
930 823 984 866 rex
1016 808 1089 868 satis
1121 825 1242 884 guarus,

67 891 254 968 professioni
277 891 359 950 aeris'
376 889 538 967 pudorem,
561 906 621 949 nou
644 891 860 950 contumaciam
875 889 1011 965 obstare,
1033 907 1151 951 mensos
1174 895 1244 952 totis

67 976 178 1034 castris
201 973 272 1053 poni
294 974 380 1033 iussit
395 983 424 1033 ct
444 995 464 1032 x
483 972 563 1034 mdia
585 971 729 1033 talentum
751 975 896 1052 proferri.
940 972 1015 1034 Tum
1039 973 1159 1035 demum
1173 993 1243 1036 cuuis
1263 995 1292 1041 11

68 1059 126 1118 lide
159 1059 237 1118 facta
260 1059 411 1136 professio
434 1065 557 1118 estnec
580 1055 706 1135 amplius
734 1075 770 1116 ex
798 1066 878 1118 tanta
905 1060 1033 1135 pecunia
1062 1076 1151 1137 qoam
1174 1077 1192 1120 o
1215 1070 1245 1119 et

67 1163 133 1204 xxx
157 1142 269 1203 talenta
283 1143 469 1220 superfuere.
514 1140 596 1202 Adeo
611 1139 661 1202 ille
676 1143 827 1202 exercitus
848 1147 892 1202 toi
914 1141 1156 1202 divitissimarum
1171 1159 1243 1220 geu·

68 1229 145 1286 tium
168 1228 264 1285 victor
286 1225 354 1304 plus
375 1235 475 1285 tamen
497 1226 638 1285 victoriae
660 1242 749 1301 quam
771 1225 900 1304 praedae
926 1226 1092 1307 deportavit
1114 1245 1151 1286 ex
1165 1229 1242 1287 Asia.

36 1306 208 1371 iiCeterum
238 1319 271 1370 ut
294 1311 444 1386 cognitum
467 1317 513 1370 est
534 1308 607 1370 alios
628 1310 740 1369 remitti
764 1309 883 1380 domos,
913 1309 987 1370 alios
1009 1311 1145 1380 retineri,
1175 1327 1294 1388 per-12

69 1403 195 1472 petuam
219 1410 294 1453 eom·
309 1395 397 1471 regui
418 1393 519 1454 sedem
547 1397 579 1452 in
601 1395 671 1454 Asia
693 1391 864 1454 habiturum
887 1395 959 1464 rati,
982 1395 1124 1456 vecordes
1151 1404 1180 1455 ct
1202 1395 1245 1455 di·

68 1477 216 1557 sciplinae
247 1475 385 1539 militaris
416 1478 608 1538 immemores
641 1477 791 1538 seditiosis
824 1477 945 1541 vocibus
977 1487 1073 1541 castra
1105 1478 1247 1558 conplent

67 1579 236 1640 regemque
271 1563 403 1622 ferocius
441 1580 528 1641 qoam
567 1561 638 1622 alias
677 1561 774 1622 adorti
813 1579 916 1622 omnes
950 1563 1038 1623 simul
1074 1565 1245 1624 missionem

68 1644 227 1723 postulare
250 1653 413 1724 coeperunt
435 1647 581 1707 deformia
604 1663 654 1705 ora
683 1645 874 1707 cicatricibus
896 1649 1094 1728 canitiemque
1116 1649 1245 1730 capitum

69 1738 268 1791 ostentantes.
322 1729 385 1790 Nec
418 1739 468 1790 aot
504 1730 724 1809 praefectorum
757 1730 952 1808 castigatione
985 1742 1035 1792 aut
1066 1732 1245 1793 verecundia
1265 1750 1297 1800 13

68 1815 153 1891 regis
189 1813 329 1886 deterriti
362 1813 545 1874 tumultuoso
577 1812 708 1874 clamore
736 1823 766 1874 et
792 1813 914 1874 militari
934 1813 1072 1877 violentia
1098 1813 1246 1878 volentem

68 1898 153 1977 loqui
181 1896 359 1958 inhibebant
386 1899 481 1976 palam
511 1897 654 1976 professi,
687 1916 836 1977 nusquam
864 1897 935 1961 indo
966 1900 1024 1959 nisi
1057 1901 1088 1960 in
1120 1901 1246 1980 patriam

68 1984 233 2060 vestigium
257 2000 321 2042 csse
352 1991 497 2043 moturos.
541 1980 676 2044 Tandem
707 1980 824 2043 silentio
853 1982 947 2050 facto,
977 1985 1071 2060 magis
1092 1983 1160 2063 quia
1184 2000 1246 2043 mo·
1266 2003 1298 2052 14

69 2076 134 2127 tum
169 2084 237 2126 esse
269 2066 448 2136 credebant,
482 2084 570 2145 quam
597 2067 665 2144 quia
692 2066 751 2143 ipsi
772 2068 886 2128 moveri
919 2074 1071 2145 poteraut,
1105 2067 1247 2145 quidnam

68 2161 196 2212 acturus
219 2160 310 2224 esset,
335 2149 539 2228 expectabant.
584 2147 651 2220 ille,
675 2149 765 2220 ‘Quid
781 2148 882 2229 baec,'
904 2147 1015 2228 inquit,
1038 2154 1159 2230 ‘repens
1174 2169 1244 2212 con·
1266 2170 1298 2220 15

69 2237 218 2296 stercatio
248 2243 277 2296 et
307 2244 365 2296 tam
396 2252 508 2313 procax
530 2243 617 2313 atque
648 2233 741 2294 effusa
773 2231 892 2294 licentia
926 2234 1098 2296 denuntiati
1141 2234 1246 2314 Eloqui

71 2329 184 2382 metuo.
230 2319 331 2380 Palam
353 2328 435 2379 certe
463 2320 586 2398 rupistis
608 2320 768 2396 imperium
792 2325 821 2378 et
848 2321 987 2397 precario
1008 2337 1062 2380 rex
1090 2337 1169 2389 sum,
1198 2321 1247 2381 cui

72 2535 125 2604 17),
138 2533 260 2590 sondern
270 2534 347 2590 wobl
358 2534 405 2589 das
417 2534 575 2596 bestreben,
588 2550 635 2590 cu·
686 2533 746 2590 blan
760 2541 891 2589 erwartet
907 2551 992 2672 quom
1008 2538 1078 2602 quio
1096 2537 1175 2604 (ipsi)
1190 2554 1247 2593 mo-

69 2602 218 2669 pientibus
234 2601 383 2668 mdglicbst
400 2600 637 2658 hervorzubeben.
686 2602 826 2657 veborttur
838 2606 897 2657 uui
920 2602 1247 2671 omuinoimooeripote-

107 2675 149 2724 10.
168 2671 328 2735 interris.
364 2668 561 2725 Gemeintsind
579 2669 635 2725 ‘dle
687 2675 762 2723 root.
803 2667 937 2726 Acholiob
959 2674 984 2725 9.
1007 2675 1082 2725 6.13
1104 2674 1247 2736 potuimus

72 2746 161 2804 guten
179 2734 363 2791 liausbalter’.
398 2736 489 2803 Vergl.
511 2737 636 2804 fortuna
683 2737 827 2803 persequi.
849 2735 1248 2806 Vgl.aucbVall.1.12mopis

73 2808 188 2869 intepru
210 2803 337 2869 (degens.
356 2802 480 2870 afflicto)
504 2804 561 2859 und
585 2803 633 2859 das
686 2805 754 2870 quio
779 2803 908 2859 uolebant
934 2805 1054 2860 credere
1161 2823 1245 2872 quom

73 2869 256 2927 Sallustlscbe
280 2870 363 2938 soma
392 2878 419 2926 ei
440 2871 569 2939 fortunis
591 2874 635 2926 iu·
686 2873 753 2937 quio
771 2871 917 2926 credendo
937 2870 1138 2938 offerebantur
1154 2889 1181 2928 u.
1195 2873 1247 2929 Cic.

10 2987 13 3012 ,
71 2947 163 3006 tepor.
687 2955 714 3006 p.
727 2936 817 2992 Plane.
832 2940 1014 3006 ilinouquiu
1030 2939 1116 2995 debeo
1136 2942 1250 2998 ...sed

10 3055 13 3080 ,
109 3011 236 3060 lucum
247 3003 333 3072 side.
357 3003 532 3060 Uebersetze:
549 3006 636 3061 ohne
687 3007 755 3071 quio
782 3012 962 3062 concurrunt
990 3009 1193 3063 contentiones.
1214 3037 1248 3046 —

75 3069 259 3134 Ritclshalt,
305 3071 560 3140 gewissenbaft.
602 3101 636 3110 —
687 3071 1248 3132 aeturus.nandenkeandiephrase

10 3141 13 3208 ’ς
74 3139 150 3196 Nacb
178 3138 279 3194 lliodor
305 3138 430 3195 bezablte
457 3138 532 3194 Alex.
566 3139 635 3195 nabe
688 3154 773 3206 opere
797 3153 861 3195 eum
883 3140 1032 3207 militibus,
1061 3142 1165 3210 populo
1191 3142 1248 3200 und

74 3223 110 3262 an
135 3210 228 3269 10,000
239 3205 360 3262 Talente.
373 3234 407 3243 -
420 3206 500 3272 plus
517 3214 635 3262 tomen.
687 3206 774 3273 dergl.

75 3282 185 3334 tomen,
203 3271 251 3328 das
270 3274 328 3328 sich
350 3271 398 3328 auf
414 3277 504 3329 uictor
520 3297 554 3317 =
571 3274 636 3326 καί-

75 3359 131 3405 περ
147 3340 234 3393 νικῶν
246 3340 366 3403 beziebt,
384 3338 471 3395 bleibt
483 3356 525 3396 am
539 3340 636 3397 besten
724 3345 765 3396 15.
781 3340 848 3398 Ille
872 3343 926 3399 wie
942 3347 968 3395 4.
987 3347 1011 3399 t.
1033 3348 1078 3406 25;
1102 3344 1155 3412 vgl.
1178 3345 1248 3400 auch

75 3407 265 3463 unitbersetzt.
301 3435 335 3446 -
364 3411 402 3463 oi
411 3410 574 3464 ctoriae
603 3431 637 3451 =
689 3412 832 3463 3.12.11.
869 3409 954 3465 Sonst
972 3420 1033 3476 sagt
1056 3410 1130 3467 Curt.
1152 3411 1249 3466 immer

76 3475 329 3541 ‘Siegesruhmt
688 3476 717 3528 in
735 3475 839 3530 diesem
856 3475 944 3539 Folle,
967 3478 1022 3531 wie
1042 3476 1086 3532 die
1105 3477 1248 3540 Classilren

110 3547 154 3597 12.
195 3559 271 3597 uam
288 3542 381 3596 ulios
398 3541 424 3596 d.
436 3541 463 3597 b.
476 3540 515 3596 als
532 3542 637 3608 juvor·
690 3548 720 3596 ot
742 3543 801 3604 ille,
829 3550 888 3598 tum
916 3544 977 3607 ille,
1003 3550 1031 3598 et
1052 3544 1108 3600 ille.
1130 3572 1164 3582 -
1192 3545 1270 3602 de·.

11 3659 13 3678 ι
76 3611 140 3664 ber.
201 3607 637 3665 acbbrr.'i.7fanddieim
690 3610 1037 3665 nuntiot=batzu
1068 3609 1249 3666 bedeuten.

77 3674 126 3732 fol
149 3675 237 3731 enden
255 3676 375 3732 erziblte
393 3675 523 3731 Monterei
544 3675 571 3729 in
590 3675 638 3730 der
690 3676 768 3731 duob
787 3675 882 3731 Cicero
900 3674 1018 3732 braucht
1035 3676 1083 3732 das
1096 3677 1179 3733 Wort
1196 3693 1249 3733 von

11 3787 13 3810 2
77 3691 158 3799 sealt
180 3743 325 3816 Opisyam
347 3743 435 3810 Tigris
460 3752 545 3805 statt,
568 3741 638 3797 nach
690 3741 940 3809 Vorbedeutungen
972 3742 1028 3798 und
1056 3745 1194 3811 Anzelgen
1216 3767 1249 3788 =

77 3809 182 3866 lliodor
199 3811 227 3863 in
247 3811 329 3873 Susa,
348 3811 517 3878 wenigstens
532 3808 640 3877 ergiebt
690 3809 826 3864 ‘drohend
849 3809 1058 3875 vertundtgen’.
1080 3839 1113 3848 -
1136 3811 1251 3878 eloqui

12 3909 14 3916 ·
78 3878 138 3932 sich
157 3877 215 3932 dies
233 3875 277 3932 bei
295 3877 351 3932 ibm
369 3894 417 3933 aus
441 3878 501 3932 dem
520 3875 638 3933 Counex.
689 3882 808 3932 metuo.
853 3875 881 3930 G.
899 3875 1015 3932 braucbt
1037 3877 1109 3932 noch
1127 3878 1251 3933 zweimal

12 3955 13 3966 ¹
113 3948 154 3999 13.
173 3943 242 3998 Nec
271 3961 325 4000 nur
350 3961 384 4000 zu
411 3947 563 4011 perterriti
590 3959 637 4011 ge·
690 3950 782 3998 metuo
800 3960 823 3999 c.
841 3941 938 3998 infinit.
974 3943 1034 4011 Vgl.
1051 3944 1144 4010 eloqui
1168 3947 1251 4000 timeo

12 4061 13 4066 ,
78 4012 170 4078 herig.
204 4009 312 4066 Ebenso
331 4014 637 4079 commeruissem
689 4014 715 4060 4.
740 4015 847 4072 10.2t;
871 4013 896 4063 9.
920 4013 945 4064 6.
970 4015 1066 4067 12.-
1089 4014 1252 4078 rupistis.

80 4095 134 4134 nec
158 4093 247 4134 ousoc
274 4085 359 4134 unten
388 4078 407 4144 S
433 4083 475 4136 30.
500 4107 530 4118 -
557 4086 640 4134 vest.
693 4076 751 4143 Vgl.
769 4078 814 4133 die
830 4076 1154 4134 bivianisebenPbrasen
1172 4096 1252 4134 rum-

79 4152 242 4201 moturos.
278 4144 338 4212 Vgl.
356 4145 412 4201 le.
429 4149 553 4202 21.44.6
571 4162 640 4201 nus·
711 4159 761 4201 ere
778 4145 896 4212 foedus.
915 4147 994 4208 iura,
1012 4148 1189 4201 sacramenti
1205 4161 1252 4203 re-

78 4229 164 4335 quam
177 4219 203 4267 te
216 4215 333 4280 oestipio
345 4214 467 4268 moueris
484 4212 510 4268 d.
524 4213 542 4268 i.
555 4214 640 4269 rtihre
690 4162 822 4279 lloiouem
839 4231 865 4270 u.
885 4213 945 4268 Tac.
963 4211 1027 4269 bist.
1045 4218 1069 4268 3.
1087 4217 1118 4266 19
1137 4216 1255 4281 rupturi

100 4281 144 4335 ich
163 4279 239 4334 nlcbt
257 4296 311 4335 von
329 4279 378 4336 der
396 4278 489 4335 Stelle.
691 4283 855 4348 imperium:
883 4281 944 4337 fao.
967 4296 1028 4338 ann.
1053 4285 1092 4333 13.
1111 4286 1144 4334 36
1167 4286 1252 4349 rupto

12 4385 13 4394 ,
116 4351 156 4401 14.
176 4362 272 4414 quum
295 4350 375 4413 quio
467 4352 641 4413 poterunt.
692 4350 819 4416 imperio.
837 4377 869 4386 -
887 4351 1065 4414 precario,
1083 4347 1250 4404 sdlellnm.

132 4439 226 4489 Vooxn,
244 4439 268 4489 Q.
284 4439 383 4481 Curtios.
409 4440 441 4480 11.
1016 4453 1047 4500 14
