2752 4776
144 188 188 253 24
588 206 621 265 o.
645 202 748 251 cunm
769 202 851 249 num
1340 41 1349 259 i

101 370 135 418 14
151 370 238 420 antea
267 358 447 429 obtinuerat,
483 360 632 439 praefecit.
681 359 719 420 Et
751 376 819 419 cum
852 374 940 435 grave
973 354 1075 434 spoliis
1109 364 1306 436 apparatuque
1342 264 1349 431 i

149 444 284 505 luxuriae
305 461 411 522 agmen
435 446 483 504 rix
505 452 692 514 moreretur,
722 461 789 504 suas
811 444 955 522 primum,
984 441 1092 502 deinde
1113 442 1207 503 totius
1228 460 1307 503 exer·
1346 434 1349 499 l

150 530 228 589 citus
250 529 381 589 sarcinas
396 532 527 609 exceptis
542 528 700 591 admodum
716 528 891 589 necessariis
905 526 1012 586 referri
1026 527 1112 587 iussit
1126 527 1158 585 in
1173 524 1306 589 medium

97 624 130 672 15
150 612 287 673 Planities
310 614 436 691 spatiosa
460 623 532 683 erat,
555 617 586 675 in
610 632 697 693 quam
720 611 853 673 vehicula
876 618 980 671 onusta
1002 611 1215 689 perduxerant
1256 610 1307 673 Ex·

149 696 338 776 nectantibus
361 698 487 769 cunctis,
511 698 581 776 quid
604 697 710 758 deinde
734 703 812 756 esset
833 697 1049 774 imperaturus,
1077 696 1211 757 iumenta
1232 697 1308 757 iussit
1347 744 1349 751 .

150 780 258 842 abduci
280 783 400 861 suisque
422 784 551 862 primum
574 784 702 844 sarcinis
728 781 793 841 lace
814 779 929 841 subdita
953 786 1065 840 ceteras
1086 779 1210 840 incendi
1229 798 1308 861 prac-
1347 788 1349 847 ξ

99 873 131 923 16
149 868 237 944 cepit.
281 865 463 945 Flagrabant
484 865 678 928 exurentibus
700 864 834 935 dominis,
858 883 933 944 quae
955 873 988 924 ut
1008 864 1116 925 intacta
1133 882 1171 925 ex
1192 864 1306 927 urbibus
1347 880 1349 899 ¹

151 951 282 1013 bostium
304 960 454 1030 raperent,
477 970 565 1033 saepe
586 950 721 1013 flammas
736 952 944 1018 restinxerant,
968 947 1049 1009 nullo
1071 950 1227 1026 sanguinis
1245 966 1303 1029 pre·

101 1044 134 1092 1‘1
151 1036 225 1097 tium
247 1035 374 1097 audente
397 1034 515 1107 deflere,
539 1054 605 1097 cunr
628 1038 725 1113 regias
747 1053 819 1115 opes
839 1034 917 1094 idem
939 1035 1016 1111 ignis
1039 1042 1193 1095 exureret.
1228 1032 1303 1095 brevi

152 1120 258 1181 deinde
290 1122 366 1181 ratio
394 1120 538 1200 mitigavit
570 1119 704 1182 dolorem
731 1118 904 1196 habilesque
939 1117 1059 1179 militiae
1092 1126 1123 1178 et
1150 1117 1191 1178 ad
1219 1120 1305 1179 omnir

151 1205 247 1284 parati
267 1203 454 1266 laetabantur
477 1207 659 1267 sarcinarum
681 1206 781 1282 potius
802 1222 889 1283 quam
905 1202 1080 1280 disciplinae
1101 1203 1214 1265 iecisse
1227 1204 1308 1263 iactat·

102 1296 134 1346 18
151 1307 226 1350 ram.
269 1289 362 1366 igitur
384 1289 570 1351 bactrianam
592 1291 746 1367 regionem
768 1287 915 1366 petebant.
951 1286 1009 1347 Sed
1031 1286 1174 1357 Nicanor,
1199 1282 1344 1349 Parme-ss

150 1375 250 1435 uionis
271 1372 365 1442 lilius,
388 1372 485 1434 subita
507 1381 604 1435 morte
625 1382 781 1452 correptus
801 1389 908 1450 magno
931 1370 1077 1432 desiderio
1100 1373 1147 1432 sui
1169 1370 1312 1433 adiecerat

100 1466 134 1514 19
152 1467 284 1518 cunctos.
333 1456 395 1517 Rex
428 1467 496 1519 ante
530 1477 633 1519 omnes
665 1466 796 1518 maestus
831 1455 970 1535 cupiebat
1002 1455 1121 1535 quidem
1154 1455 1312 1519 subsistere

152 1543 250 1604 luneri
266 1540 430 1611 adiuturus,
445 1542 497 1603 sed
513 1546 638 1622 penuria
655 1549 871 1603 commeatuum
886 1542 1026 1601 festinare
1042 1540 1177 1619 cogebat.
1216 1542 1312 1621 ltaque

151 1626 284 1687 Philotas
307 1644 375 1687 cum
398 1626 513 1689 duobus
536 1625 655 1689 milibus
679 1635 709 1687 et
728 1646 771 1687 oc
792 1627 923 1696 relictus,
946 1634 979 1685 ut
999 1626 1074 1686 iusta
1094 1625 1185 1685 iratri
1207 1624 1313 1706 persol-

154 1719 251 1771 veret:
274 1712 339 1789 ipse
362 1712 515 1772 contendit
536 1711 573 1772 ad
594 1712 728 1773 Bessum.

101 1804 136 1853 20
238 1795 299 1855 lter
326 1795 446 1857 lacienti
473 1799 500 1858 ei
524 1796 641 1858 litterae
664 1795 839 1857 adferuntur
867 1814 883 1855 a
910 1794 1041 1854 finitimis
1069 1802 1307 1873 satraparum‚e

154 1879 264 1957 quibus
280 1883 432 1958 cognoscit
453 1882 578 1942 bessum
600 1881 720 1961 quidem
742 1879 845 1941 hostili
871 1881 970 1941 animo
993 1896 1153 1940 occurrere
1177 1898 1246 1941 cum
1265 1896 1307 1939 ex·

154 1967 266 2033 ercitu,
295 1972 429 2027 ceterum
452 1965 677 2035 Satibarzanen,
701 1982 789 2043 quem
811 1971 964 2044 satrapeae
986 1965 1124 2024 Ariorum
1146 1964 1213 2044 ipse
1232 1980 1310 2045 prae·

103 2057 136 2107 11
154 2050 283 2119 iecisset,
307 2048 448 2112 deiecisse
472 2050 508 2112 ab
532 2070 576 2111 eo.
620 2051 722 2129 ltaque
745 2066 921 2129 quamquam
944 2047 1037 2109 Besso
1059 2048 1310 2118 imminebat,t1·

152 2152 222 2195 men
250 2133 459 2197 Satibarzanen
494 2136 721 2215 opprimendum
755 2134 901 2213 praeverti
934 2134 1076 2212 optimum
1108 2141 1192 2194 ratus
1223 2132 1309 2193 lesem

154 2225 333 2278 armaturam
357 2228 387 2279 et
409 2228 563 2299 equestres
585 2221 686 2296 copias
708 2218 806 2279 educit
826 2225 945 2296 totaque
969 2225 1054 2277 nocte
1076 2218 1183 2278 itinere
1199 2225 1311 2279 strenuo

102 2310 138 2360 22
156 2302 234 2363 laeto
256 2304 424 2380 inprovisus
451 2304 529 2364 hosti
558 2303 737 2381 supervenit.
781 2302 871 2363 Cuius
899 2303 1016 2378 cognito
1038 2302 1164 2363 adventu
1189 2300 1309 2365 Satibar-

154 2403 242 2446 zanes
265 2403 332 2446 cum
356 2387 472 2448 duobus
494 2386 614 2449 milibus
636 2389 768 2466 equitum
793 2420 828 2430 -
854 2404 909 2447 nec
938 2384 1040 2465 plures
1062 2385 1160 2448 subito
1184 2384 1307 2448 contrabi

194 2574 233 2621 14.
261 2570 507 2627 Ei=hieraul
536 2570 711 2638 Nachlassige
762 2570 835 2625 ccci.
870 2568 906 2624 Er
923 2569 1011 2637 lolgte
1028 2571 1111 2627 somit
1133 2570 1198 2625 bald
1216 2571 1307 2627 seiueu

154 2636 236 2693 Foru
250 2636 297 2693 des
311 2638 494 2706 Uebergangs,
507 2637 602 2694 silini.
615 2639 674 2704 346
685 2654 710 2706 g.
762 2637 867 2693 Bruder
884 2637 986 2693 Hector
1003 2639 1080 2699 nach,
1099 2656 1121 2694 s.
1139 2643 1165 2694 4.
1177 2642 1202 2693 8.
1216 2643 1240 2691 7.
1266 2636 1309 2693 ber

153 2732 188 2743 —
206 2705 351 2774 referri.
378 2706 437 2762 blan
456 2714 533 2774 sagte
549 2709 710 2774 pecaniam,
763 2706 846 2760 dritte
863 2703 969 2760 Bruder
986 2722 1044 2761 war
1061 2704 1184 2762 Philotas
1203 2705 1232 2773 (S
1251 2705 1297 2769 19).

153 2774 331 2841 frumentum
347 2776 378 2829 in
394 2775 537 2842 publicum
549 2774 615 2830 oder
628 2789 711 2829 aera·
798 2777 837 2829 19.
862 2773 904 2827 ad
928 2779 1054 2829 acturas
1076 2772 1122 2828 ltin
1149 2780 1180 2829 ut
1207 2774 1309 2831 adesset

155 2843 230 2895 riam
249 2842 363 2907 referre
377 2842 444 2898 oder
456 2843 582 2910 deferre.
615 2841 711 2897 beides
763 2858 785 2896 s.
807 2839 876 2896 Eiul.
940 2844 973 2893 36
990 2839 1016 2897 b.
1045 2869 1078 2879 -
1108 2842 1153 2896 cd
1173 2841 1309 2898 Bessan

155 2923 249 2962 waren
267 2914 287 2962 t.
305 2915 324 2963 t.
342 2932 375 2952 =
395 2908 593 2965 ‘abldhren'.
763 2908 828 2964 dh.
842 2906 912 2963 eben
923 2910 954 2963 in
966 2908 1155 2964 Bactrianam
1168 2912 1309 2977 regionem.

191 2977 231 3028 15.
247 2979 433 3043 praecepit
444 2977 482 3031 ist
494 2978 646 3032 construirt
657 2977 712 3032 wie
764 2974 813 3030 aui
829 2976 873 3030 die
891 2979 1012 3042 gestutzt
1027 2977 1107 3044 jener
1125 2976 1185 3032 sich
1203 2977 1244 3032 als
1255 2976 1310 3031 Per·

155 3040 204 3096 das
223 3042 449 3121 verbergebende
466 3046 558 3099 iussit.
587 3044 623 3100 So
641 3045 712 3099 auch
764 3041 893 3109 serlonig
911 3059 944 3097 zu
962 3041 1119 3112 behaupten
1137 3045 1290 3101 versucbte

156 3106 231 3163 Suet.
250 3107 310 3163 ber.
328 3114 369 3165 31.
399 3110 454 3165 Deu
472 3109 582 3166 blossen
595 3110 713 3165 lnlinitiv
797 3114 838 3164 20.
857 3111 896 3164 ab
914 3125 965 3173 eo,
988 3126 1115 3178 ungenau
1133 3110 1180 3167 idn
1203 3113 1239 3168 ab
1259 3114 1313 3180 ipso

156 3175 226 3255 nach
237 3179 406 3243 praecipere
423 3178 471 3232 bat
482 3177 631 3233 vereineelt
642 3179 712 3233 auch
766 3177 968 3244 (Alexandro).
1003 3177 1029 3233 S.
1047 3177 1114 3233 Einl.
1133 3181 1148 3241 §
1168 3184 1199 3231 11
1218 3197 1243 3237 a.

156 3242 260 3298 Cicero.
797 3249 839 3300 el.
856 3246 1053 3302 imminebat
1069 3246 1157 3301 lreisst
1174 3247 1236 3303 bier
1247 3246 1315 3303 nicbt

193 3314 233 3366 16.
249 3310 474 3379 flagrabant,
491 3312 542 3367 mit
552 3312 713 3368 b'acbdruck
765 3311 874 3369 sowobl
897 3312 967 3375 „aul
988 3314 1041 3369 den
1058 3314 1159 3369 Fensen
1179 3318 1261 3370 war⁸¹
1280 3312 1314 3369 als

157 3378 364 3445 vorangestellt.
399 3378 575 3435 Uebersetze:
599 3379 635 3435 oa
652 3397 712 3436 ver·
763 3379 887 3435 uberhau
908 3388 920 3435 t
944 3382 988 3443 „in
1011 3380 1060 3436 der
1078 3380 1252 3451 Verlolgung
1273 3382 1314 3438 des

156 3445 273 3502 braunte
283 3446 355 3501 denn
366 3454 415 3503 etc.
426 3446 582 3515 Sanguinis
588 3450 713 3514 pretium
763 3447 790 3504 B.
810 3397 941 3515 begrtben
965 3451 1050 3504 tvar“.
1072 3477 1105 3485 -
1126 3451 1314 3516 praeverti.

157 3511 714 3582 1111311εενυίτιιιίερνετίανηεᾱίοωίι
763 3531 824 3572 rem
840 3522 1024 3583 praevertere
1044 3516 1112 3581 (rei)
1132 3540 1166 3560 =
1185 3518 1259 3573 ‘eine
1273 3516 1313 3573 Sa·

154 3582 244 3637 ihrem
265 3583 361 3650 eignen
379 3581 459 3639 Blute
480 3581 603 3639 erkaulte
620 3582 713 3639 beute.
764 3584 815 3639 che
834 3585 899 3639 eber
917 3582 1053 3650 besorgen
1071 3583 1110 3639 als
1130 3585 1193 3640 eine
1211 3586 1312 3642 anders'

194 3653 233 3703 17.
251 3650 349 3706 brevi
366 3651 491 3706 aetnae
509 3668 530 3707 s.
548 3650 617 3707 11111.
635 3651 654 3716 3
671 3654 713 3707 en,
764 3650 913 3706 hatlivius
926 3656 950 3707 3.
963 3656 1004 3707 ee.
1017 3656 1046 3711 e;
1070 3647 1312 3709 1111111111

157 3749 197 3795 --Ι
208 3717 353 3774 militiae
372 3718 417 3774 ltin
435 3720 474 3774 ad
490 3718 625 3773 militiam.
649 3716 714 3772 lirst
765 3718 834 3774 auch
852 3723 875 3772 2.
893 3723 935 3775 24.
953 3724 968 3770 5
988 3719 1071 3783 (bello
1083 3722 1237 3799 praeverti
1246 3720 1315 3788 guic-

158 3791 212 3839 sert
230 3783 321 3841 Livius
339 3784 424 3841 findet
446 3786 505 3842 sich
523 3785 647 3853 bauliger
664 3785 713 3841 der
764 3788 871 3853 quam).
905 3786 1030 3841 Daneben
1049 3788 1192 3842 existirten
1214 3787 1260 3844 die
1275 3784 1318 3843 de·

157 3851 234 3908 Datin
252 3853 296 3908 bei
313 3852 427 3917 babilis,
445 3860 544 3922 aptas,
561 3854 688 3909 idoneas.
765 3853 941 3922 ponentialen
958 3853 1090 3910 Phrasen:
1110 3855 1149 3909 ad
1165 3870 1227 3911 rem
1237 3868 1321 3923 prae·

193 3923 233 3975 18.
261 3924 273 3976 i
298 3924 383 3984 itur,
412 3921 464 3977 den
490 3920 713 3977 unterbrocbneu
765 3924 888 3976 verti:
906 3924 1036 3988 seprius
1054 3927 1177 3985 vertere,
1205 3940 1227 3979 s.
1253 3927 1276 3979 t.
1298 3925 1323 3977 1.

158 3986 248 4043 Faden
271 3940 307 4057 (S
326 3990 373 4055 13)
397 3989 500 4068 nieder
523 3987 713 4068 auiuehmend
766 3993 812 4052 26:
825 3992 856 4044 in
868 3990 960 4045 locam
972 3991 1256 4057 aliquempraeoerii,
1268 3990 1322 4045 Lis.

158 4063 298 4124 ‘genug‚
318 4057 357 4111 sie
378 4055 504 4113 1111111111
529 4057 589 4113 dem
609 4056 714 4122 lldnrge
766 4061 808 4113 32.
831 4061 871 4111 13.
894 4061 911 4109 4
933 4056 990 4113 und
1012 4073 1073 4114 rem
1086 4060 1244 4125 praeverti,
1267 4057 1321 4113 Lis.

157 4120 254 4190 Folge’
274 4131 325 4179 etc.
361 4123 432 4180 Oder
446 4125 483 4179 ist
501 4125 544 4179 ein
560 4125 642 4180 Wort
659 4124 714 4178 wie
765 4127 789 4179 8.
809 4127 881 4177 13.1
901 4141 927 4180 u.
947 4129 971 4181 d.

157 4190 277 4257 placati,
301 4190 369 4246 laeti
391 4191 576 4259 ausgelallen?
598 4220 631 4229 -
654 4191 714 4245 Ni·
799 4196 840 4247 22.
860 4207 922 4247 nec
939 4221 972 4229 —
987 4199 1137 4260 poterat.
1156 4192 1235 4249 Sinn:
1255 4192 1324 4249 aucb

157 4273 281 4320 aanor,
303 4256 498 4315 Belohtshaner
521 4259 569 4314 der
588 4252 713 4311 ὑπασπι-
766 4258 842 4315 batte
867 4275 897 4314 er
918 4260 945 4315 in
968 4260 1017 4316 der
1039 4261 1097 4318 Eile
1119 4277 1169 4329 gar
1191 4261 1270 4316 nicht
1291 4286 1326 4298 -

122 4446 193 4470 A.

158 4654 180 4712 Ι
