2752 4776
154 213 215 277 166
599 229 633 288 o.
655 226 759 276 enarr
781 226 862 275 6666

99 404 133 453 ‘to
150 382 281 446 mutilata
313 392 392 445 6661.
442 382 522 455 Quid·
551 390 649 445 autern
679 385 818 452 interest,
851 380 974 445 totidem
1004 383 1078 450 sint,
1115 385 1192 461 quot
1223 378 1311 441 Porus

150 469 267 539 habuit,
300 467 512 543 6666661116,
546 487 614 529 cum
648 486 707 529 uuo
740 475 791 529 aut
823 467 917 529 altero
949 465 1109 527 vulneratis
1140 471 1257 525 ceteros
1283 466 1311 525 in

100 554 249 632 21lngam
271 551 413 613 declinari
426 552 594 614 uideamus?
630 553 703 614 bein
725 571 834 633 paucos
850 569 968 630 quoque
988 549 1179 612 incommode
1194 558 1308 627 regunt:

151 647 328 716 congregata
350 656 420 697 vero
442 647 486 699 tot
507 637 587 699 milia
610 638 672 717 ipsa
689 656 721 697 se
744 637 869 713 elident,
893 636 946 697 ubi
961 654 1017 697 nec
1038 642 1119 695 stare
1134 652 1193 696 nec
1214 635 1309 713 ingere

149 725 302 802 potuerint
323 720 471 783 inhabiles
493 730 642 783 vastorum
668 739 827 800 corporum
855 719 958 782 moles.
1002 718 1153 797 Equidem
1181 720 1225 780 sic
1250 720 1307 779 ani·

149 806 238 870 malia
265 809 319 867 ista
346 810 525 887 contempsi,
558 816 606 877 ut,
639 824 707 867 cum
739 806 880 868 haberem
912 807 991 886 ipse,
1024 822 1084 865 non
1114 805 1305 883 opposuerim,

99 894 221 959 6666116
243 910 366 970 gnarus,
395 890 462 970 plus
484 893 546 952 suis
568 910 656 970 quam
680 890 816 952 hostibus
843 891 968 970 periculi
996 889 1119 949 inferre.
1171 891 1207 950 At
1233 889 1303 948 enin

151 980 284 1054 equitum
313 976 506 1055 peditumque
528 976 684 1037 multitudo
712 993 763 1036 ros
784 976 964 1036 commovet!
1008 975 1083 1036 Cum
1110 974 1215 1050 paucis
1234 974 1301 1033 euin

149 1079 283 1141 pugnare
305 1060 384 1123 soliti
406 1063 476 1122 estis
491 1069 520 1120 et
534 1078 615 1122 nunc
636 1062 765 1139 primum
781 1060 962 1121 inconditam
978 1057 1166 1120 sustinebitis
1187 1056 1297 1119 turbant.

98 1162 133 1213 23
150 1146 246 1208 Testis
268 1146 408 1207 adversus
431 1145 650 1206 multitudinem
677 1146 779 1205 invicti
806 1145 1001 1205 Macedonum
1027 1142 1148 1203 roboris
1171 1142 1298 1205 Granicus

149 1234 244 1292 amnis
266 1240 295 1292 et
318 1229 419 1291 Cilicia
441 1229 583 1292 inundata
606 1248 713 1290 cruore
735 1229 894 1290 Persarum
918 1236 947 1289 et
968 1226 1092 1298 Arbela,
1116 1226 1202 1288 ouius
1218 1228 1298 1303 campi

97 1332 132 1381 24
149 1315 331 1375 devictorum
364 1335 380 1375 a
410 1313 496 1375 nobis
524 1313 640 1375 ossibus
669 1316 754 1374 strati
782 1323 860 1374 suut.
911 1313 985 1373 Sero
1020 1313 1154 1373 hostium
1185 1310 1298 1391 legiones

149 1417 307 1460 numerare
331 1400 487 1475 coepistis,
510 1407 664 1479 postquam
680 1398 869 1459 solitudinem
891 1400 922 1457 16
938 1399 1004 1458 hsia
1022 1395 1171 1457 vincendo
1193 1394 1297 1458 lecistis

149 1485 222 1545 Cum
249 1501 303 1561 per
326 1482 548 1561 Hellespontum
571 1485 790 1561 navigaremus,
819 1482 856 1543 de
882 1484 1031 1561 paucitate
1058 1488 1162 1541 nostra
1185 1481 1297 1559 cogitan-

148 1569 220 1629 dum
243 1569 313 1628 luit:
342 1584 420 1628 nunc
443 1585 498 1627 nos
521 1567 647 1646 Scythae
674 1576 853 1646 sequuntur,
885 1568 1040 1629 Bactriana
1064 1564 1175 1626 auxilia
1198 1570 1298 1645 praesit

97 1670 131 1720 25
148 1660 231 1722 suut,
254 1652 353 1713 Dahae
375 1651 573 1730 Sogdianique
595 1655 673 1712 inter
694 1671 749 1714 nos
764 1651 898 1714 militant.
935 1652 997 1713 Nec
1018 1659 1119 1711 tamen
1142 1649 1186 1711 illi
1209 1640 1326 1711 turbrell

147 1736 272 1798 confido.
318 1738 435 1798 Vestras
465 1754 569 1797 manus
600 1739 734 1812 intueor,
769 1745 895 1798 vestram
917 1737 1056 1796 virtutem
1089 1753 1206 1810 rerum,
1240 1748 1296 1813 quas

147 1829 284 1900 gesturus
306 1840 388 1891 sum,
415 1820 518 1881 vadem
540 1822 740 1900 praedemque
769 1820 874 1883 habeo.
919 1819 1065 1891 Quamdiu
1097 1817 1296 1880 vobiscumlr

148 1908 210 1967 acie
243 1906 340 1976 stabo,
372 1923 428 1967 uec
461 1908 519 1966 mei
541 1923 598 1966 nec
625 1906 753 1967 hostium
782 1906 928 1967 exercitus
962 1922 1105 1965 numero:
1141 1923 1194 1965 ros
1226 1901 1296 1965 molo

96 2009 130 2059 26
147 1994 263 2055 animos
285 1991 356 2054 mihi
377 1990 482 2070 plenos
504 1990 662 2052 alacritatis
683 2010 717 2052 ac
738 1989 863 2051 liduciae
885 1988 1033 2050 adhibete.
1072 1988 1138 2049 Non
1160 1989 1192 2049 in
1213 1987 1296 2049 limiae

148 2095 273 2153 operum
294 2075 490 2152 laborumque
516 2084 701 2144 nostrorum,
730 2076 833 2135 sedin
856 2077 935 2135 exitu
965 2084 1093 2135 stamus:
1123 2075 1298 2152 pervenimus

147 2161 184 2221 ad
206 2161 276 2220 solis
298 2169 396 2220 ortum
418 2169 448 2220 et
470 2159 635 2221 Oceanum:
660 2162 718 2220 nisi
735 2159 833 2220 obstat
853 2160 983 2237 ignavia,
1006 2158 1077 2218 inde
1093 2159 1223 2219 victores
1243 2174 1298 2236 per·

147 2245 258 2306 domito
281 2246 339 2304 1166
360 2252 509 2305 terrarum
533 2252 717 2304 revertemur
744 2246 775 2304 iu
803 2246 940 2324 patriam.
983 2241 1096 2313 Nolite,
1126 2242 1206 2322 qnod
1233 2241 1299 2321 pigri

148 2328 295 2406 agricolae
322 2329 449 2398 iaciunt,
478 2337 611 2389 maturos
636 2329 750 2389 lrnctus
777 2347 831 2408 per
853 2328 989 2388 inertiam
1017 2328 1155 2389 amittere
1183 2346 1200 2388 e
1222 2326 1298 2387 mani·

97 2430 130 2481 27
148 2412 213 2477 bus.
257 2413 367 2473 lllaiora
396 2422 465 2473 sunt
492 2411 630 2491 periculis
653 2415 801 2492 praemia:
836 2413 917 2473 dives
940 2411 1042 2472 eadem
1071 2420 1100 2472 et
1127 2410 1244 2473 inbellis
1266 2418 1299 2470 161

147 2500 241 2574 regio.
284 2497 384 2576 ltaque
407 2515 466 2558 non
489 2506 548 2557 tam
571 2498 607 2557 ad
630 2498 754 2576 gloriam
782 2517 834 2558 vos
856 2496 948 2567 duco,
979 2514 1066 2574 quam
1095 2494 1133 2556 ad
1161 2496 1298 2576 praedam.

147 2584 232 2661 Digni
257 2585 342 2651 estis,
366 2584 416 2661 qui
439 2601 525 2662 opes,
555 2600 629 2661 quas
651 2581 723 2642 illud
747 2600 829 2643 mare
851 2581 988 2642 litoribus
1018 2580 1145 2650 invehit,
1175 2582 1298 2642 relerat’n

146 2670 176 2727 in
199 2669 338 2747 patriam,
363 2668 458 2745 digni,
482 2669 532 2746 qui
548 2666 620 2727 nihil
645 2671 846 2747 inexpertum,
871 2665 943 2726 nihil
959 2673 1042 2726 metu
1064 2667 1207 2726 omissum
1222 2665 1299 2726 reliu-

96 2769 130 2820 66
148 2755 251 2831 quatis.
297 2753 354 2813 Per
390 2770 441 2812 vos
473 2752 657 2831 gloriamque
694 2760 836 2821 vestram,
874 2768 931 2831 qua
965 2751 1125 2810 humanum
1163 2750 1298 2829 fastigium

147 2837 302 2906 exceditis,
331 2854 445 2914 perque
474 2843 502 2897 et
531 2854 595 2896 mea
622 2837 653 2896 in
675 2855 727 2897 vos
750 2845 779 2896 et
800 2839 830 2896 in
854 2854 901 2897 me
929 2842 1025 2896 vestra
1053 2835 1175 2905 merila,
1205 2834 1299 2913 quibus

181 3007 221 3056 20.
240 3002 446 3059 vulneratis.
480 3002 627 3057 11166666.
647 3005 704 3057 nt
788 3002 1010 3069 2116616666.
1041 3000 1301 3068 Vergleichehierzn

147 3069 196 3124 der
224 3068 318 3123 Plural
346 3068 391 3124 bei
417 3087 493 3126 unus
519 3077 546 3125 et
571 3070 645 3125 ulter
670 3093 704 3113 =
754 3070 894 3137 manipuli
911 3075 951 3124 10.
968 3073 993 3123 4.
1012 3074 1037 3121 3.

147 3137 260 3203 aliquot.
288 3165 321 3173 —
349 3153 479 3203 paucos
513 3153 641 3203 quoque
670 3160 703 3179 =
788 3141 829 3192 25.
869 3139 987 3193 vadem
1015 3136 1245 3204 praedemque
1275 3155 1300 3177 =

147 3204 192 3259 cel
204 3220 324 3270 paucos.
364 3204 390 3258 8.
408 3203 476 3259 Einl.
494 3204 511 3268 3
529 3208 562 3254 46
582 3205 659 3259 hum.
679 3208 703 3261 1.
755 3203 1092 3270 ‘vollstebilrgschalt’;
1106 3205 1194 3260 codes
1204 3205 1300 3259 hiessen

147 3300 180 3308 -
207 3287 243 3326 se
270 3271 408 3326 elicient.
448 3272 566 3326 Elidere
591 3271 629 3326 ist
655 3271 702 3326 das
755 3272 799 3327 dle
821 3273 929 3339 burgen
951 3272 979 3326 iu
1002 3270 1161 3334 Crimiual·,
1189 3271 1300 3338 praedes

149 3338 312 3406 eigentllehe
324 3337 403 3393 Wort
418 3337 464 3392 hir
482 3337 703 3393 ‘ardrensem
755 3340 798 3395 die
816 3340 844 3394 in
857 3338 1032 3395 Clvilsachen.
1047 3366 1079 3376 -
1097 3343 1162 3395 mei
1178 3363 1211 3382 =
1223 3352 1301 3395 menn

149 3405 406 3473 vollstandigsagte
418 3407 603 3472 6666166666,
617 3408 702 3472 spiri·
754 3422 851 3473 wegen
864 3408 912 3463 des
925 3406 1119 3474 Gegensatzes;
1136 3408 1263 3463 adhibete
1272 3406 1302 3459 ist

147 3483 206 3530 tum
227 3475 315 3530 elicui
336 3475 450 3530 elidere.
489 3473 604 3529 uildlich
632 3473 702 3529 oben
755 3484 827 3531 elwa
844 3497 878 3520 =
892 3478 1053 3542 praestate,
1069 3475 1213 3540 praebete.

147 3541 224 3611 317.
788 3547 829 3597 26.
855 3545 1088 3610 pervenimus,
1116 3539 1301 3609 hyperboliscb

182 3615 223 3661 22.
253 3627 325 3665 enm
358 3612 481 3677 paneis
513 3610 609 3664 enim.
654 3607 703 3662 Er·
756 3610 1301 3676 lrirpoenepereenimus.-amittere.

148 3677 704 3745 666666661166616166616611661616666
756 3677 792 3732 86
811 3694 826 3732 6
847 3679 976 3732 manibus
1006 3692 1066 3732 rene
1088 3679 1227 3741 emittere,
1255 3675 1301 3730 Lu.

147 3748 326 3802 metuendum
343 3753 393 3801 est.
412 3774 443 3782 -
466 3744 703 3800 sustinebitis.
754 3749 797 3800 44.
819 3747 860 3800 36.
885 3749 917 3797 10
939 3761 965 3799 u.
994 3748 1019 3800 ὃ.
1049 3743 1107 3811 Vgl.
1137 3760 1153 3800 e
1182 3744 1301 3800 munibus

147 3813 219 3869 Wir:
238 3814 344 3869 werdet
361 3815 389 3868 iu
412 3814 455 3868 die
475 3814 543 3879 hage
565 3810 704 3878 gebracht,
755 3814 868 3878 eripere
886 3817 910 3868 3.
929 3817 953 3868 6.
972 3817 1015 3875 10;
1034 3816 1059 3867 4.
1078 3815 1118 3868 16.
1135 3818 1160 3867 3.
1292 3832 1296 3841 ·

147 3880 231 3936 Stand
250 3881 342 3936 halten
361 3898 394 3936 zu
412 3885 522 3936 missen
545 3894 633 3946 gegen
652 3887 704 3933 etc.
789 3883 830 3934 27.
850 3880 1071 3946 relinquetis.
1105 3879 1301 3944 hehulichsagt

181 3951 222 4003 23.
240 3951 393 4003 inuictus
411 3951 583 4005 adversus
606 3946 704 4010 mult,
757 3946 784 4002 G.
811 3946 964 4004 mehrlaoh:
994 3950 1178 4014 inexpertum
1206 3942 1303 4013 aliquid

147 4016 201 4071 wie
224 4021 248 4068 7.
272 4020 295 4071 6.
317 4021 362 4078 23;
384 4021 422 4072 10.
441 4020 464 4070 1.
483 4019 524 4072 42.
542 4044 574 4052 -
595 4017 705 4071 euius.
756 4017 891 4071 omittere.

146 4082 183 4137 lla
213 4084 256 4139 die
285 4084 366 4139 l'ornr
395 4083 512 4148 Arbele,
540 4098 574 4138 ee
603 4082 647 4137 hei
677 4081 704 4139 C.
790 4085 830 4134 28.
847 4097 912 4149 per
930 4098 997 4138 vos.
1031 4081 1091 4149 Vgl.
1110 4080 1221 4137 Salllu
1243 4081 1301 4135 .14·

147 4152 277 4218 nirgends
290 4150 431 4231 leststeht,
451 4168 482 4207 so
501 4150 538 4206 ist
550 4150 610 4205 hier
627 4149 704 4206 wohl
755 4153 788 4202 26
809 4165 862 4215 per
882 4166 944 4214 eos,
964 4166 1019 4217 per
1040 4150 1159 4211 liberam
1183 4097 1245 4204 Sall.
1267 4162 1301 4202 or.

146 4221 230 4274 euius
248 4215 322 4272 κατὰ
344 4234 460 4272 συνεσιν
477 4241 510 4263 =
532 4234 652 4286 quorum
670 4235 704 4273 zu
756 4217 851 4274 Cottae
878 4223 910 4270 13
937 4233 992 4284 per
1020 4233 1082 4281 nos,
1117 4216 1251 4284 Quirites,
1279 4215 1302 4268 61

146 4284 247 4342 166666.
753 4285 874 4352 pierium
899 4288 1050 4349 maiorum
1076 4284 1133 4341 biv.
1159 4288 1202 4341 29.
1227 4283 1301 4339 161
