2752 4776
152 253 216 318 130
602 255 633 316 Q.
653 252 764 303 cunm
782 252 871 304 nunu

151 440 208 483 nec
231 424 387 501 quicquam
410 440 446 482 ex
467 419 673 499 praesentibus
694 421 786 481 tutius
808 421 902 480 risum
925 428 983 488 est,
1012 438 1101 498 quam
1124 420 1230 482 eodem
1252 419 1323 482 loco

99 526 136 575 18
153 515 249 567 castra
271 508 399 567 munire.
442 504 566 565 Postero
596 505 642 565 die
663 504 798 565 Mazaeus
818 535 863 548 -·
883 522 950 564 cum
974 503 1097 565 delectis
1126 507 1260 584 equitum
1288 506 1323 566 in

152 590 231 651 edito
254 589 344 660 colle,
368 608 403 650 ex
426 606 484 666 quo
506 589 698 650 Macedonum
721 587 980 667 prospiciebantur
1002 597 1113 659 castra,
1141 588 1320 650 consederat

151 675 276 735 —sive
298 681 396 742 metu,
428 674 489 733 sive
517 673 586 751 quia
614 670 762 750 speculari
783 671 872 732 modo
899 673 997 733 iussus
1019 679 1097 742 erat,
1128 673 1166 733 ad
1187 673 1320 735 Dareum

103 768 135 816 19
152 757 249 817 rediit.
294 756 470 818 Macedones
498 775 566 817 eum
587 758 686 835 ipsum
714 754 835 825 coMem,
865 773 952 834 quem
976 756 1161 827 deseruerat,
1190 775 1320 838 occupa·

152 849 272 903 rerunt:
307 860 376 902 nam
406 849 434 902 et
464 842 556 902 tutior
577 839 700 919 planitie
722 848 785 900 erat
817 846 847 901 et
868 838 936 900 inde
959 842 1038 902 acies
1064 840 1208 911 bostium,
1242 858 1323 920 qnae

99 935 133 984 20
150 928 181 985 in
204 944 308 1005 campo
331 923 546 1004 explicabatur,
575 925 706 1001 conspici
728 931 854 1003 poterat.
899 924 958 984 Sed
989 924 1098 1003 caligo,
1127 943 1216 1003 quam
1240 927 1322 987 circa

150 1010 265 1071 humidi
288 1009 452 1071 effuderant
473 1019 602 1077 montes,
625 1009 793 1068 universam
816 1007 955 1088 equidem
969 1010 1015 1068 rei
1036 1008 1141 1070 faciem
1165 1026 1228 1071 non
1250 1009 1321 1071 abs·

151 1094 231 1162 tulit,
261 1101 393 1155 ceterum
421 1094 572 1170 agminum
600 1092 768 1152 discrimina
790 1100 878 1171 atque
905 1093 1040 1153 ordinem
1068 1092 1222 1171 prohibuit
1248 1112 1321 1173 per·

149 1179 232 1257 spici.
277 1176 432 1239 Multitudo
454 1176 647 1237 inundaverat
669 1193 788 1256 campos
815 1176 1009 1256 fremitusque
1031 1184 1076 1237 tot
1095 1177 1212 1238 milium
1229 1178 1319 1239 etiam

97 1271 130 1320 21
149 1261 253 1341 procul
280 1263 423 1322 stantium
452 1278 539 1321 aures
566 1259 737 1338 inpleverat.
782 1259 933 1322 Fluctuari
960 1262 1058 1321 animo
1087 1279 1141 1321 rex
1169 1269 1199 1322 et
1227 1261 1319 1322 modo-

148 1364 250 1415 suum,
273 1345 362 1405 modo
377 1344 588 1412 ,Parmenionis
615 1344 769 1406 consilium
798 1363 865 1405 sera
886 1345 1088 1406 aestimatione
1110 1345 1317 1425 perpendere:

149 1429 259 1508 quippe
281 1446 317 1489 eo
344 1435 462 1489 ventum
491 1436 568 1497 erat,
603 1428 682 1489 unde
710 1429 803 1507 recipi
831 1430 993 1499 exercitus,
1027 1430 1084 1489 nisi
1111 1430 1220 1500 victor,
1253 1430 1318 1491 sine

98 1523 131 1571 22
150 1511 234 1575 clade
255 1531 316 1572 non
337 1519 446 1591 posset.
477 1511 579 1589 ltaque
594 1511 777 1574 dissimulato
792 1531 901 1591 pavore
923 1513 1163 1574 mercennarium
1185 1514 1316 1592 equitem

85 1607 131 1667 ι23
150 1615 185 1659 ex
207 1598 335 1658 Paeonia
357 1595 537 1676 praecedere
558 1595 650 1658 iubet.
695 1596 762 1675 lpse
783 1595 974 1675 phalangem,
997 1598 1074 1657 sicut
1095 1605 1181 1658 antea
1204 1597 1316 1659 dictum

149 1689 208 1751 est,
230 1682 262 1740 in
284 1679 343 1740 duo
365 1698 476 1741 cornua
499 1680 685 1742 extenderat:
717 1689 876 1760 utrumque
898 1699 993 1741 cornu
1021 1682 1135 1760 equites
1164 1681 1316 1760 tegebant.

148 1765 268 1843 lamque
290 1764 412 1825 nitidior
432 1764 483 1825 lux
506 1765 636 1826 discussa
659 1763 784 1842 caligine
806 1767 899 1825 aciem
921 1764 1051 1826 bostium
1074 1764 1263 1835 ostenderat,
1285 1775 1314 1826 et

147 1849 324 1910 Macedones
339 1850 399 1909 sive
414 1846 579 1919 alacritate,
598 1851 659 1910 sive
674 1849 770 1910 taedio
786 1850 998 1927 expectationis
1011 1851 1164 1928 ingentem
1178 1866 1317 1929 pugnan-

147 1935 221 1994 tium
244 1951 328 1994 more
350 1932 470 1994 edidere
493 1933 662 1994 clamorem.
693 1932 836 1994 Redditus
859 1941 889 1993 et
909 1952 926 1993 a
947 1932 1047 1994 Persis
1070 1951 1193 1994 nemora
1209 1932 1314 1995 valles·

96 2041 130 2091 24
148 2033 205 2096 que
228 2018 433 2079 circumiectas
454 2016 581 2078 terribili
599 2034 672 2079 sono
694 2017 872 2096 inpleverat:
908 2035 964 2078 nec
992 2018 1049 2078 iam
1078 2018 1226 2078 contineri
1253 2017 1312 2079 Ma·

146 2103 274 2164 cedones
295 2109 447 2181 poterant,
470 2104 542 2180 quin
564 2119 654 2163 cursu
674 2117 793 2181 quoque
814 2101 851 2161 ad
872 2101 988 2162 hostem
1003 2101 1231 2163 contenderent.
1253 2101 1312 2162 Me-

146 2185 203 2246 lius
225 2184 322 2246 adbuc
342 2193 425 2246 ratus
446 2187 477 2244 in
500 2184 603 2246 eodem
626 2184 739 2245 tumulo
762 2192 857 2246 castra
884 2186 1018 2255 munire,
1046 2203 1104 2247 rex
1126 2184 1236 2247 vallum
1257 2186 1312 2247 iaci

146 2269 246 2329 iussit:
280 2277 460 2345 strenueque
487 2285 578 2347 opere
605 2267 739 2347 perfecto
766 2270 798 2327 in
828 2266 1067 2340 tabernaculum,
1101 2288 1138 2331 ex
1165 2288 1225 2349 quo
1253 2276 1311 2331 tota

147 2353 226 2413 acies
248 2351 377 2413 bostium
398 2349 652 2431 conspiciebatur,
675 2353 804 2412 secessit.

636 2502 710 2564 CxP.
734 2502 809 2563 Xlll.

114 2613 128 2659 1
232 2604 307 2665 Tum
334 2622 405 2665 vero
432 2605 569 2664 universa
600 2603 693 2663 futuri
725 2602 904 2664 discriminis
930 2603 1020 2664 facies
1052 2605 1083 2663 in
1112 2604 1206 2667 oculis
1235 2598 1357 2669 eratzf'l

147 2690 236 2750 armis
258 2687 424 2766 insignibus
446 2690 514 2767 equi
536 2689 648 2766 virique
670 2685 881 2766 splendebant,
904 2694 933 2748 et
949 2690 1046 2749 omnia
1062 2690 1224 2751 intentiore
1241 2709 1313 2753 cura

146 2773 318 2851 praeparari
346 2771 423 2850 apud
451 2772 567 2833 hostem
598 2770 764 2832 soMicitudo
792 2779 964 2850 praetorum
993 2772 1109 2850 agmina
1138 2793 1192 2835 sua
1218 2776 1314 2836 inter·

111 2857 340 2934 sequitantium
363 2855 552 2924 ostendebat,
581 2873 615 2917 ac
642 2855 785 2935 pleraque
806 2857 922 2924 inania,
952 2857 1029 2917 sicut
1054 2855 1191 2917 fremitus
1217 2858 1315 2919 homi·

145 2956 232 3007 num,
256 2956 398 3018 equorum
420 2939 568 3008 hinnitus,
593 2957 744 2999 armorum
765 2940 1001 3002 internitentium
1020 2937 1133 3019 fulgor,
1156 2940 1314 3006 sollicitam

111 3023 349 3100 esxpectatione
371 3029 501 3082 mentem
523 3022 723 3083 turbaverant.
767 3022 861 3100 lgitur
889 3025 949 3084 sive
977 3022 1084 3086 dubius
1112 3026 1218 3097 animi,
1253 3027 1315 3089 sire

145 3114 179 3165 nt
201 3122 271 3165 suos
292 3106 492 3184 experiretur,
516 3105 672 3166 consilium
695 3105 828 3177 adhibet,
860 3108 931 3187 quid
953 3109 1096 3187 optimum
1120 3108 1200 3170 factu
1223 3118 1315 3182 esset,

143 3302 224 3370 hage,
245 3302 299 3383 mie
317 3306 356 3358 10.
372 3307 397 3358 9.
414 3306 456 3381 ¹.⁷›
482 3302 549 3358 oder
565 3301 702 3372 abhangig
753 3306 872 3361 steht=
886 3305 1034 3363 erwidern.
1051 3335 1086 3346 -
1102 3311 1319 3369 circumiec-

143 3369 552 3504 vopoqqrfcpqqqqsalssqqlfigt)
549 3378 700 3493 ‘qntt‘qppqc
752 3377 904 3496 tcp4sn3ecl
907 3378 978 3506 ta3m,
989 3441 1188 3508 hyperbolltir
1198 3446 1266 3508 aian·
1274 3447 1315 3501 im

146 3509 257 3567 uerat,
271 3507 295 3559 5.
307 3509 331 3558 7.
343 3507 368 3559 8.
751 3505 900 3575 folgenden
910 3507 989 3563 Satze
998 3509 1035 3564 ist
1045 3508 1089 3565 die
1103 3507 1314 3581 llinschiehung

178 3570 419 3638 affluetuari,
430 3572 500 3626 auch
512 3570 699 3640 heiLiv.dep.;
750 3573 799 3629 des
821 3574 967 3642 Subjehtes
990 3575 1069 3642 (rex,
1086 3582 1117 3632 at
1131 3579 1201 3643 rex)
1223 3580 1312 3637 unhe-

142 3636 221 3692 class.
234 3637 315 3691 meist
326 3638 405 3692 activ.
750 3641 946 3708 dmgtnothig.

177 3707 218 3758 22.
231 3706 361 3771 itaque,
373 3704 439 3760 weil
451 3704 570 3761 Umlrebr
582 3709 698 3774 unmbg·

143 3770 197 3825 lich
221 3787 289 3828 war.
324 3770 376 3826 Der
399 3770 507 3839 hnfang
531 3771 578 3827 des
603 3771 697 3829 Satzes
942 3760 1009 3812 0³¹²·
1027 3760 1105 3812 ΧῙῙῙ·

142 3839 179 3894 ist
196 3837 272 3894 wohl
291 3837 428 3894 verderbt.
442 3867 474 3876 —
481 3854 629 3906 putrore,
642 3840 696 3908 vgl.
784 3846 807 3896 1.
820 3844 899 3909 equi
914 3844 1051 3909 virique
1067 3845 1137 3899 nach
1150 3845 1254 3914 Vergil,
1267 3847 1316 3904 df·

140 3909 182 3960 13.
197 3910 240 3970 18;
254 3904 397 3962 Ausdruclr
410 3906 465 3961 wie
477 3908 546 3963 diss.
558 3911 663 3963 metet.
673 3911 697 3961 5.
748 3916 806 3965 ters
819 3908 863 3964 hei
876 3908 916 3971 C.;
934 3911 1055 3966 intent.
1067 3926 1167 3977 cura,
1182 3910 1209 3981 S.
1223 3918 1269 3979 11;
1283 3920 1309 3969 8.

139 3974 182 4024 27.
200 4000 232 4009 -
272 3973 465 4029 raecedere
481 3973 564 4030 nami.
583 3975 697 4030 exerei-
750 3980 790 4029 13,
803 3980 827 4030 8.

141 4039 193 4100 tui,
206 3991 282 4092 nield
294 4039 384 4105 gleich
395 4041 562 4106 procedere.
782 4045 807 4097 2.
840 4043 983 4109 feroque
992 4047 1130 4111 innato,
1139 4046 1311 4106 mancherlei

175 4107 697 4172 23.culcanna-et...edidere,
748 4106 805 4163 blin
826 4124 856 4163 er
883 4107 976 4173 Larm;
1007 4113 1313 4182 internitentium,

141 4168 191 4224 ‘da
216 4169 391 4233 erhoben’;
416 4175 550 4240 iamque
624 4180 656 4230 et
675 4192 698 4230 s.
749 4177 827 4230 3.16.

140 4234 326 4301 Etutsutn.
352 4237 411 4304 vgl.
423 4239 468 4295 die
480 4239 698 4297 thnhoheStelle
783 4246 807 4296 3.
828 4243 1025 4310 consilium,
1055 4246 1136 4303 ‘den
1168 4247 1316 4317 llriegs··

138 4306 168 4359 3.
183 4305 224 4360 10.
235 4307 260 4368 2,
271 4317 318 4360 wo
331 4305 400 4360 auch
412 4306 534 4363 reddere
546 4306 698 4365 clamorem
749 4309 838 4364 rath’
850 4306 943 4366 beruft
956 4326 993 4367 er.
