2752 4776
168 186 209 250 86
591 199 623 258 3.
647 197 751 246 cuum
774 196 856 245 nonu

116 375 149 425 36
167 362 285 417 evectus
307 372 413 433 magna
435 362 535 431 strage
550 370 602 413 eos
624 352 749 414 luderat.
789 350 847 412 Sed
863 370 932 413 cum
952 368 1047 413 uuum
1064 368 1171 413 omues
1193 358 1329 431 peterent,

168 439 269 501 multis
292 438 462 499 vulneribus
491 437 634 515 exanguis
654 436 816 517 Hypsidem
839 436 988 514 quendam
1012 454 1051 497 ex
1072 434 1179 497 amicis
1205 436 1330 499 hortatu

169 532 228 592 est,
264 530 296 584 ut
322 525 353 584 in
377 541 486 602 equum
516 539 603 584 suum
636 520 811 582 ascenderet
843 526 873 580 et
905 538 937 581 se
969 519 1040 599 luga
1072 522 1220 605 eriperet.
1261 518 1329 583 llaec
1351 530 1357 603 J

116 629 149 678 37
167 616 304 686 agentem
325 609 423 668 anima
445 606 554 668 defecit
568 622 738 684 corpusque
753 623 789 665 ex
804 622 881 684 equo
904 602 1029 666 defluxit
1041 605 1074 665 in
1097 612 1224 666 terram.
1261 604 1331 687 1133-

168 692 248 753 sides
279 700 397 770 poterat
429 690 548 768 quidem
580 690 727 767 elingere,
762 689 816 750 sed
843 688 953 750 amisso
985 688 1084 750 amico
1116 690 1200 751 mori
1231 690 1331 751 3131311.
1350 688 1372 737 ·-'·-·

167 778 231 838 Una
261 783 325 836 orat
353 792 438 844 cura,
467 793 506 837 ne
534 774 647 835 inultus
674 772 833 835 occideret
879 770 981 852 ltaque
1012 771 1144 835 subditis
1177 770 1332 837 calcaribus
1361 780 1366 797 ²

168 878 245 938 equo
272 862 302 919 in
332 860 445 920 medios
474 859 568 920 bostis
594 877 627 919 se
656 860 773 919 inmisit
794 867 825 920 et
847 856 1034 919 memorabili
1063 856 1143 919 edita
1165 874 1265 937 pugna
1283 854 1360 933 ub-¹

116 963 149 1013 33
169 953 254 1005 33133
276 944 343 1005 13113
365 950 418 1005 est
462 943 548 1015 Quod
569 941 621 1003 ubl
643 942 758 1011 videre,
787 944 839 1020 qui
861 942 947 1003 caedi
968 949 1168 1022 supereraut,
1195 940 1353 1009 bmnium·

169 1026 258 1107 paulo
286 1045 372 1106 quam
402 1035 503 1089 cetera
531 1026 689 1089 editiorem
717 1028 853 1105 capiunt:
882 1044 957 1107 quos
983 1026 1178 1106 Spitamenes
1204 1026 1276 1089 iane
1298 1026 1331 1087 13
1356 1022 1359 1029 “

116 1132 149 1181 33
168 1111 349 1173 deditionem
376 1111 554 1173 subacturus
588 1111 712 1172 obsedit.
765 1110 907 1173 Cecidere
938 1129 974 1172 eo
1004 1110 1124 1189 proelio
1159 1108 1289 1190 peditum
1305 1130 1330 1173 u

168 1194 265 1267 milia,
290 1215 349 1257 333
371 1198 495 1274 equites.
538 1194 632 1266 Quam
655 1194 769 1256 cladem
789 1194 957 1257 Alexander
978 1193 1095 1256 sollerti
1111 1194 1239 1257 consilio
1258 1194 1331 1265 tent.

167 1289 263 1340 morte
287 1281 456 1342 denuntiata
479 1281 529 1349 iis,
554 1281 605 1358 qui
627 1298 663 1339 cx
685 1279 800 1359 proelio
816 1280 1010 1349 advenerant,
1033 1280 1060 1339 si
1074 1286 1143 1341 acta
1161 1278 1328 1357 uulgauerit
1359 1314 1364 1333 =

667 1412 745 1476 Car.
768 1413 844 1475 Vlll.

135 1550 149 1598 1
252 1531 391 1593 Ceterum
434 1550 502 1592 cum
539 1532 637 1593 animo
678 1531 829 1611 disparem
865 1529 977 1592 vultum
1013 1531 1130 1593 diutius
1166 1531 1250 1593 lerre
1280 1548 1332 1593 uon

168 1622 282 1692 posset,
306 1617 336 1676 in
359 1614 581 1677 tabernaculum
604 1634 694 1695 super
709 1618 806 1695 ripam
828 1614 959 1677 fluminis
980 1615 1018 1676 de
1038 1616 1192 1679 industria
1214 1616 1333 1679 locatum

134 1702 300 1765 aseeessit.
344 1699 388 1760 lbi
410 1700 474 1761 sine
496 1699 617 1760 arbitris
638 1699 753 1775 singula
775 1701 867 1761 animi
890 1698 1021 1762 consulta
1044 1700 1205 1780 pensando
1226 1708 1334 1763 3331313

170 1782 275 1859 vigiliis
297 1786 424 1845 extraxit
445 1802 533 1864 saepe
555 1782 682 1861 pellibus
704 1782 891 1845 tabernaculi
912 1782 1068 1855 adlevatis,
1098 1791 1133 1845 ut
1153 1786 1334 1865 conspiceret

168 1865 300 1929 hostium
334 1871 436 1947 ignes,
477 1887 494 1929 e
534 1867 642 1945 quibus
674 1869 843 1929 coniectare
873 1875 1004 1947 poterat,
1043 1875 1154 1946 quanta
1189 1869 1335 1931 bominum

133 1951 325 2019 smultitudo
354 1963 443 2018 esset.
493 1952 614 2032 lamque
646 1951 697 2013 lux
724 1951 898 2030 adpetebat,
931 1970 1000 2015 cum
1033 1951 1193 2015 thoracem
1224 1952 1333 2015 indutus

168 2036 303 2114 procedit
325 2036 361 2097 ad
384 2038 507 2104 milites.
536 2044 597 2098 tum
626 2039 754 2115 primum
783 2044 852 2114 post
878 2035 986 2097 vulnus
1013 2036 1154 2115 proxime
1176 2044 1332 2119 acceptum.

132 2119 260 2186 alanta
284 2128 348 2182 erat
369 2122 448 2200 apud
470 2140 523 2183 eos
545 2121 696 2183 veneratio
715 2122 810 2198 regis,
835 2128 869 2183 ut
890 2120 976 2182 lacile
997 2119 1145 2200 periculi,
1168 2120 1250 2203 quod
1271 2122 1332 2183 lior·

132 2203 289 2274 srebant,
322 2207 530 2283 cogitationem
562 2206 731 2285 praesentia
771 2206 835 2265 eius
874 2211 1037 2267 excuteret.
1087 2205 1175 2267 Laeti
1209 2222 1279 2287 erqo
1306 2212 1333 2267 et

168 2287 357 2348 manantibus
378 2290 486 2366 gaudio
508 2289 639 2351 lacrimis
660 2288 849 2351 consalutant
871 2308 937 2351 eum
961 2298 1005 2359 et,
1028 2290 1110 2370 quod
1132 2298 1207 2353 aute
1221 2306 1332 2353 recusa·

133 2387 149 2435 6
168 2380 271 2431 verant
287 2370 411 2442 bellum,
428 2374 544 2433 seroces
559 2374 734 2453 deposcunt.
764 2371 816 2434 lile
830 2391 863 2434 se
875 2372 990 2436 ratibus
1002 2376 1134 2454 equitem
1147 2374 1332 2454 pbalangem·

168 2471 226 2531 que
249 2461 516 2536 transportaturum
532 2476 598 2519 esse
619 2459 807 2537 pronuntiat,
831 2476 922 2537 super
943 2465 1025 2519 utres
1045 2458 1132 2519 iubet
1152 2476 1230 2523 nare
1249 2458 1332 2522 levius

133 2557 149 2605 3
168 2546 308 2602 armatos.
352 2537 442 2602 Plura
464 2559 520 2602 nec
542 2542 601 2602 dici
623 2559 671 2603 res
695 2541 872 2602 desideravit
894 2560 949 2603 nec
974 2560 1028 2603 rex
1056 2542 1159 2604 dicere
1188 2560 1244 2624 per
1268 2542 1330 2605 rall-

133 2623 301 2689 81udinem
329 2628 433 2705 potuit.
485 2628 623 2689 Ceterum
651 2634 731 2687 tanta
759 2623 911 2687 alacritate
944 2627 1071 2688 militum
1105 2635 1189 2689 rates
1222 2629 1331 2689 iunctae

168 2718 251 2779 suut,
288 2719 321 2770 ut
352 2712 430 2772 intra
463 2711 594 2772 triduum
628 2711 664 2771 ad
696 2730 744 2771 xu
777 2708 855 2771 milia
884 2710 1006 2772 effectae
1037 2712 1109 2772 sint.
1153 2711 1275 2793 lamque
1298 2708 1331 2775 ad

168 2793 382 2855 transeundum
413 2798 513 2857 omnia
542 2804 728 2875 aptaverant,
760 2812 828 2855 cum
856 2793 946 2872 legati
974 2795 1151 2875 Scytharum
1173 2818 1231 2867 xx,
1258 2812 1331 2857 more

167 2879 263 2952 gentis
285 2897 340 2956 per
363 2887 458 2939 castra
481 2882 566 2956 equis
587 2881 678 2948 vecti,
707 2880 845 2939 nuntiare
868 2878 971 2940 iubent
992 2880 1073 2957 regi,
1101 2878 1178 2941 velle
1202 2883 1280 2961 ipsos
1298 2876 1331 2943 ad
1356 2953 1362 2963 ι

134 2976 149 3023 9
169 2976 235 3018 eum
253 2962 388 3024 mandata
405 2964 548 3043 perlerre.
587 2964 716 3025 Admissi
731 2965 761 3022 in
777 2962 1000 3024 tabernaculum
1022 2964 1160 3042 iussique
1180 2964 1331 3027 considere

167 3042 197 3101 in
221 3043 301 3106 vultu
325 3047 405 3123 regis
427 3047 590 3109 defixerant
613 3046 730 3108 oculos:
755 3047 860 3117 credo,
884 3049 951 3124 quis
973 3048 1182 3125 magnitudine
1206 3048 1330 3129 corporis

198 3226 239 3275 36.
262 3226 295 3278 in
319 3241 437 3291 equum
459 3244 563 3284 suum.
603 3228 638 3283 Er
665 3227 723 3284 lor-
774 3228 1330 3352 adpetebat-Ueberdenaccdleoruccn
1369 3242 1372 3295 l

165 3289 226 3368 (lert
244 3291 297 3345 den
315 3291 450 3362 llypsides
474 3294 532 3358 aul,
555 3296 723 3363 wenigstens
775 3315 797 3354 s.
836 3296 883 3353 inl.
902 3295 920 3365 S
938 3301 970 3349 27
989 3295 1015 3354 d.
1370 3322 1372 3333 ·

165 3358 723 3431 313133333113331333333133313333
808 3369 957 3431 3.super
985 3370 1086 3422 utres
1115 3366 1143 3423 d.
1163 3366 1197 3421 ·i.
1227 3366 1331 3425 31311133
1369 3368 1372 3410 l

164 3422 289 3548 liettunp
307 3428 486 3485 rorzweilelt.
504 3457 539 3469 -
556 3430 723 3497 defluxit.
776 3431 945 3488 incubantes
961 3435 986 3488 3.
1006 3435 1045 3488 13.
1369 3494 1372 3499 ,

165 3491 237 3547 (lanz
256 3510 270 3548 e
291 3510 358 3551 enso
376 3495 431 3554 Liv.
449 3501 473 3553 2.
491 3502 533 3552 20.
546 3504 562 3552 3
580 3500 723 3555 moribun-
809 3504 833 3553 l.
852 3499 1079 3556 desiderauit.
1108 3500 1163 3557 lier
1180 3516 1238 3559 acc.
1250 3518 1273 3558 c·
1286 3498 1329 3557 inl·

164 3560 220 3615 dus
238 3562 278 3615 ed
294 3568 402 3618 terram
419 3567 549 3632 defluxit.
775 3567 898 3622 wle8.3.
909 3571 953 3629 133
967 3582 999 3622 33
1012 3567 1188 3625 sebouCaes.
1204 3568 1330 3637 13331.

199 3631 239 3680 38.
262 3630 483 3689 subacturus.
526 3634 603 3688 Aucb
629 3633 721 3688 Livius
807 3637 832 3688 8.
848 3636 1038 3690 iunctee=
1074 3634 1331 3699 3133333333-

165 3693 361 3764 133133313333
379 3700 429 3761 ed.
452 3703 483 3755 ln
502 3701 672 3756 deditionem
688 3723 722 3742 =
774 3709 993 3766 mengesetzt.
1044 3650 1168 3759 libensoz
1213 3706 1331 3761 1333333

164 3776 278 3828 cepere,
301 3767 468 3833 compellere
487 3769 526 3822 ud
544 3767 722 3823 deditionem.
774 3782 862 3823 33333
884 3771 908 3822 8.
936 3773 975 3824 10.
997 3774 1078 3824 3.-
1101 3770 1192 3827 Ueber
1214 3771 1269 3827 den
1288 3770 1331 3827 inl.

774 3841 825 3890 act.
855 3837 990 3892 nuntiare
1017 3835 1060 3891 bel
1086 3837 1188 3894 iubere
1215 3856 1239 3895 3.
1269 3838 1331 3895 unt

366 3918 432 3969 031..
445 3914 520 3969 pffl¹
775 3899 793 3967 S
811 3907 844 3955 33
862 3918 886 3958 c.
905 3920 932 3958 u.
955 3903 999 3959 die
1020 3902 1083 3958 lrrit.
1107 3905 1185 3962 bum.
1209 3922 1247 3961 zu
1267 3910 1292 3965 3.
1309 3908 1331 3963 e.

389 4021 395 4032 ‚
520 4019 526 4030 ,
774 3973 799 4021 t.
834 3969 960 4037 bagegen
974 3973 999 4026 8.
1011 3974 1035 4025 3.
1055 3975 1087 4024 10
1105 3974 1243 4029 suaderi
1254 3974 1332 4031 iudet.

197 4017 221 4069 1·
239 4030 345 4083 super
363 4035 474 4085 repam
492 4022 645 4075 33313.
808 4041 832 4092 3.
854 4037 1066 4104 defixerant
1087 4061 1122 4081 ==
1145 4041 1197 4095 333
1225 4042 1333 4111 meent

195 4100 220 4150 2.
247 4102 355 4155 animi
375 4102 538 4159 33333113
559 4104 614 4159 wie
640 4105 722 4172 facta
773 4103 927 4168 babebent;
954 4103 1008 4172 vgl.
1036 4108 1059 4161 9.
1082 4110 1107 4160 3.
1132 4110 1146 4158 1
1168 4108 1201 4162 in
1228 4114 1334 4165 terrem

161 4165 665 4241 33333113333Ῑ33113331331013333.
774 4187 827 4226 ore
851 4171 1023 4237 deficerent.
1062 4170 1181 4230 Sowohl
1214 4177 1249 4231 in
1277 4176 1334 4233 loca

196 4235 221 4283 3.
241 4233 440 4300 adpetebat,-
458 4237 513 4304 rgl.
530 4242 554 4291 3.
575 4243 722 4295 131333
773 4238 813 4293 als
836 4241 866 4293 in
888 4240 979 4295 locum
1005 4239 1104 4296 333133
1125 4242 1254 4311 desipere
1279 4260 1335 4301 war
