<?xml version="1.0" encoding="UTF-8"?>
<!DOCTYPE html PUBLIC "-//W3C//DTD XHTML 1.0 Transitional//EN"
    "http://www.w3.org/TR/xhtml1/DTD/xhtml1-transitional.dtd">
<html xmlns="http://www.w3.org/1999/xhtml" xml:lang="en" lang="en">
 <head>
  <title>
</title>
<meta http-equiv="Content-Type" content="text/html;charset=utf-8" />
  <meta name='ocr-system' content='tesseract 3.04.00' />
  <meta name='ocr-capabilities' content='ocr_page ocr_carea ocr_par ocr_line ocrx_word'/>
</head>
<body>
  <div class='ocr_page' id='page_1' title='image "./qcurtirufihisto00rufugoog_0133.png"; bbox 0 0 2752 4776; ppageno 0'>
   <div class='ocr_carea' id='block_1_1' title="bbox 121 255 864 322">
    <p class='ocr_par' dir='ltr' id='par_1_1' title="bbox 121 255 864 322">
     <span class='ocr_line' id='line_1_1' title="bbox 121 255 864 322; baseline 0.004 -18"><span class='ocrx_word' id='word_1_1' title='bbox 121 258 181 322; x_wconf 83' lang='lat'>118</span> <span class='ocrx_word' id='word_1_2' title='bbox 567 264 573 273; x_wconf 96' lang='lat'>·</span> <span class='ocrx_word' id='word_1_3' title='bbox 594 257 627 319; x_wconf 78' lang='lat' dir='ltr'>n.</span> <span class='ocrx_word' id='word_1_4' title='bbox 645 255 757 308; x_wconf 82' lang='lat' dir='ltr'>cunrr</span> <span class='ocrx_word' id='word_1_5' title='bbox 774 256 864 309; x_wconf 81' lang='lat' dir='ltr'>eurr</span> 
     </span>
    </p>
   </div>
   <div class='ocr_carea' id='block_1_2' title="bbox 65 423 1287 1938">
    <p class='ocr_par' dir='ltr' id='par_1_2' title="bbox 69 423 1287 826">
     <span class='ocr_line' id='line_1_2' title="bbox 69 423 1283 507; baseline -0.002 -19"><span class='ocrx_word' id='word_1_6' title='bbox 69 439 99 488; x_wconf 89' lang='lat'>11</span> <span class='ocrx_word' id='word_1_7' title='bbox 119 428 343 507; x_wconf 82' lang='lat' dir='ltr'>advenientique</span> <span class='ocrx_word' id='word_1_8' title='bbox 365 436 435 488; x_wconf 90' lang='lat' dir='ltr'>sunt</span> <span class='ocrx_word' id='word_1_9' title='bbox 457 426 555 488; x_wconf 80' lang='lat' dir='ltr'>traditi</span> <span class='ocrx_word' id='word_1_10' title='bbox 577 428 651 487; x_wconf 89' lang='lat' dir='ltr'>tanti</span> <span class='ocrx_word' id='word_1_11' title='bbox 674 424 795 487; x_wconf 84' lang='lat' dir='ltr'>sceleris</span> <span class='ocrx_word' id='word_1_12' title='bbox 816 431 960 486; x_wconf 80' lang='lat' dir='ltr'>auctores.</span> <span class='ocrx_word' id='word_1_13' title='bbox 1005 423 1212 485; x_wconf 89' lang='lat' dir='ltr'>Andromacho</span> <span class='ocrx_word' id='word_1_14' title='bbox 1234 424 1283 485; x_wconf 89' lang='lat' dir='ltr'>de·</span> 
     </span>
     <span class='ocr_line' id='line_1_3' title="bbox 118 509 1284 590; baseline -0.002 -19"><span class='ocrx_word' id='word_1_15' title='bbox 118 512 188 572; x_wconf 92' lang='lat' dir='ltr'>inde</span> <span class='ocrx_word' id='word_1_16' title='bbox 210 512 334 573; x_wconf 90' lang='lat' dir='ltr'>Menona</span> <span class='ocrx_word' id='word_1_17' title='bbox 357 510 506 573; x_wconf 76' lang='lat' dir='ltr'><strong>substituit</strong></span> <span class='ocrx_word' id='word_1_18' title='bbox 527 510 711 590; x_wconf 79' lang='lat' dir='ltr'>adfectisque</span> <span class='ocrx_word' id='word_1_19' title='bbox 739 510 897 589; x_wconf 85' lang='lat' dir='ltr'>supplicio,</span> <span class='ocrx_word' id='word_1_20' title='bbox 921 509 972 589; x_wconf 89' lang='lat' dir='ltr'>qui</span> <span class='ocrx_word' id='word_1_21' title='bbox 993 517 1164 587; x_wconf 82' lang='lat' dir='ltr'>praetorem</span> <span class='ocrx_word' id='word_1_22' title='bbox 1192 509 1284 569; x_wconf 89' lang='lat' dir='ltr'>iuter·</span> 
     </span>
     <span class='ocr_line' id='line_1_4' title="bbox 119 592 1286 675; baseline -0.003 -19"><span class='ocrx_word' id='word_1_23' title='bbox 119 604 266 665; x_wconf 85' lang='lat' dir='ltr'>emerant,</span> <span class='ocrx_word' id='word_1_24' title='bbox 302 604 441 675; x_wconf 91' lang='lat' dir='ltr'>tyrannos</span> <span class='ocrx_word' id='word_1_25' title='bbox 463 629 504 639; x_wconf 88' lang='lat'>—</span> <span class='ocrx_word' id='word_1_26' title='bbox 531 596 609 656; x_wconf 90' lang='lat' dir='ltr'>iuter</span> <span class='ocrx_word' id='word_1_27' title='bbox 636 612 711 675; x_wconf 92' lang='lat' dir='ltr'>quos</span> <span class='ocrx_word' id='word_1_28' title='bbox 733 593 1005 673; x_wconf 76' lang='lat' dir='ltr'>Methymnaeorum</span> <span class='ocrx_word' id='word_1_29' title='bbox 1028 592 1228 653; x_wconf 76' lang='lat' dir='ltr'>Aristonicum</span> <span class='ocrx_word' id='word_1_30' title='bbox 1258 600 1286 655; x_wconf 89' lang='lat' dir='ltr'>et</span> 
     </span>
     <span class='ocr_line' id='line_1_5' title="bbox 120 674 1287 760; baseline -0.003 -18"><span class='ocrx_word' id='word_1_31' title='bbox 120 679 312 760; x_wconf 74' lang='lat' dir='ltr'>chrysolaum</span> <span class='ocrx_word' id='word_1_32' title='bbox 329 715 367 724; x_wconf 94' lang='lat'>-</span> <span class='ocrx_word' id='word_1_33' title='bbox 383 678 576 760; x_wconf 91' lang='lat' dir='ltr'>popularibus</span> <span class='ocrx_word' id='word_1_34' title='bbox 592 680 653 739; x_wconf 86' lang='lat' dir='ltr'>suis</span> <span class='ocrx_word' id='word_1_35' title='bbox 668 677 802 738; x_wconf 87' lang='lat' dir='ltr'>tradidit:</span> <span class='ocrx_word' id='word_1_36' title='bbox 827 695 900 758; x_wconf 92' lang='lat' dir='ltr'>quos</span> <span class='ocrx_word' id='word_1_37' title='bbox 923 676 965 738; x_wconf 91' lang='lat' dir='ltr'>illi</span> <span class='ocrx_word' id='word_1_38' title='bbox 985 675 1022 737; x_wconf 94' lang='lat' dir='ltr'>ob</span> <span class='ocrx_word' id='word_1_39' title='bbox 1046 674 1170 739; x_wconf 83' lang='lat' dir='ltr'>iniurias</span> <span class='ocrx_word' id='word_1_40' title='bbox 1192 685 1287 738; x_wconf 92' lang='lat' dir='ltr'>tortos</span> 
     </span>
     <span class='ocr_line' id='line_1_6' title="bbox 119 771 308 826; baseline 0 -1"><span class='ocrx_word' id='word_1_41' title='bbox 119 771 308 826; x_wconf 85' lang='lat' dir='ltr'>necaverunt.</span> 
     </span>
    </p>

    <p class='ocr_par' dir='ltr' id='par_1_3' title="bbox 68 844 1285 1093">
     <span class='ocr_line' id='line_1_7' title="bbox 68 844 1284 926; baseline -0.004 -17"><span class='ocrx_word' id='word_1_42' title='bbox 68 877 100 926; x_wconf 81' lang='lat'>12</span> <span class='ocrx_word' id='word_1_43' title='bbox 202 849 424 910; x_wconf 73' lang='lat' dir='ltr'>Atheniensium</span> <span class='ocrx_word' id='word_1_44' title='bbox 453 847 573 917; x_wconf 90' lang='lat' dir='ltr'>deinde,</span> <span class='ocrx_word' id='word_1_45' title='bbox 607 846 792 907; x_wconf 85' lang='lat' dir='ltr'>Rhodiorum</span> <span class='ocrx_word' id='word_1_46' title='bbox 829 852 858 907; x_wconf 92' lang='lat' dir='ltr'>et</span> <span class='ocrx_word' id='word_1_47' title='bbox 885 845 1025 907; x_wconf 84' lang='lat' dir='ltr'>Chiorum</span> <span class='ocrx_word' id='word_1_48' title='bbox 1052 844 1166 923; x_wconf 87' lang='lat' dir='ltr'>legatos</span> <span class='ocrx_word' id='word_1_49' title='bbox 1195 844 1284 907; x_wconf 90' lang='lat' dir='ltr'>audit.</span> 
     </span>
     <span class='ocr_line' id='line_1_8' title="bbox 118 928 1285 1010; baseline -0.002 -18"><span class='ocrx_word' id='word_1_50' title='bbox 118 931 313 994; x_wconf 76' lang='lat' dir='ltr'>Athenienses</span> <span class='ocrx_word' id='word_1_51' title='bbox 336 933 487 994; x_wconf 88' lang='lat' dir='ltr'>victoriam</span> <span class='ocrx_word' id='word_1_52' title='bbox 509 929 732 1010; x_wconf 83' lang='lat' dir='ltr'>gratulabantur</span> <span class='ocrx_word' id='word_1_53' title='bbox 755 937 799 1001; x_wconf 89' lang='lat' dir='ltr'>et,</span> <span class='ocrx_word' id='word_1_54' title='bbox 828 937 862 991; x_wconf 96' lang='lat' dir='ltr'>ut</span> <span class='ocrx_word' id='word_1_55' title='bbox 884 929 990 1009; x_wconf 87' lang='lat' dir='ltr'>captivi</span> <span class='ocrx_word' id='word_1_56' title='bbox 1012 928 1196 991; x_wconf 85' lang='lat' dir='ltr'>Graecorum</span> <span class='ocrx_word' id='word_1_57' title='bbox 1226 931 1285 991; x_wconf 87' lang='lat' dir='ltr'>suis</span> 
     </span>
     <span class='ocr_line' id='line_1_9' title="bbox 117 1012 1282 1093; baseline -0.002 -16"><span class='ocrx_word' id='word_1_58' title='bbox 117 1018 358 1087; x_wconf 87' lang='lat' dir='ltr'>restituerentur,</span> <span class='ocrx_word' id='word_1_59' title='bbox 390 1015 528 1077; x_wconf 89' lang='lat' dir='ltr'>orabant:</span> <span class='ocrx_word' id='word_1_60' title='bbox 563 1014 669 1077; x_wconf 86' lang='lat' dir='ltr'>Rhodii</span> <span class='ocrx_word' id='word_1_61' title='bbox 691 1022 721 1076; x_wconf 90' lang='lat' dir='ltr'>et</span> <span class='ocrx_word' id='word_1_62' title='bbox 742 1014 807 1076; x_wconf 83' lang='lat' dir='ltr'>chii</span> <span class='ocrx_word' id='word_1_63' title='bbox 835 1013 872 1075; x_wconf 91' lang='lat' dir='ltr'>de</span> <span class='ocrx_word' id='word_1_64' title='bbox 894 1013 1042 1093; x_wconf 86' lang='lat' dir='ltr'>praesidio</span> <span class='ocrx_word' id='word_1_65' title='bbox 1070 1012 1282 1093; x_wconf 87' lang='lat' dir='ltr'>querebantur.</span> 
     </span>
    </p>

    <p class='ocr_par' dir='ltr' id='par_1_4' title="bbox 67 1097 1285 1264">
     <span class='ocr_line' id='line_1_10' title="bbox 67 1097 1283 1180; baseline -0.002 -19"><span class='ocrx_word' id='word_1_66' title='bbox 67 1112 99 1163; x_wconf 81' lang='lat'>13</span> <span class='ocrx_word' id='word_1_67' title='bbox 118 1099 227 1162; x_wconf 85' lang='lat' dir='ltr'>Omnes</span> <span class='ocrx_word' id='word_1_68' title='bbox 249 1119 342 1180; x_wconf 88' lang='lat' dir='ltr'>aeque</span> <span class='ocrx_word' id='word_1_69' title='bbox 365 1099 534 1161; x_wconf 90' lang='lat' dir='ltr'>desiderare</span> <span class='ocrx_word' id='word_1_70' title='bbox 556 1099 609 1160; x_wconf 86' lang='lat' dir='ltr'>risi</span> <span class='ocrx_word' id='word_1_71' title='bbox 630 1100 859 1179; x_wconf 81' lang='lat' dir='ltr'>impetraverunt.</span> <span class='ocrx_word' id='word_1_72' title='bbox 902 1097 1084 1178; x_wconf 79' lang='lat' dir='ltr'>Mitylenaeis</span> <span class='ocrx_word' id='word_1_73' title='bbox 1106 1116 1225 1179; x_wconf 91' lang='lat' dir='ltr'>quoque</span> <span class='ocrx_word' id='word_1_74' title='bbox 1246 1097 1283 1158; x_wconf 94' lang='lat' dir='ltr'>ob</span> 
     </span>
     <span class='ocr_line' id='line_1_11' title="bbox 117 1181 1285 1264; baseline 0 -20"><span class='ocrx_word' id='word_1_75' title='bbox 117 1187 267 1264; x_wconf 85' lang='lat' dir='ltr'>egregiam</span> <span class='ocrx_word' id='word_1_76' title='bbox 289 1187 320 1244; x_wconf 92' lang='lat' dir='ltr'>in</span> <span class='ocrx_word' id='word_1_77' title='bbox 343 1190 442 1264; x_wconf 89' lang='lat' dir='ltr'>partes</span> <span class='ocrx_word' id='word_1_78' title='bbox 465 1183 552 1244; x_wconf 86' lang='lat' dir='ltr'>fidem</span> <span class='ocrx_word' id='word_1_79' title='bbox 575 1191 605 1245; x_wconf 90' lang='lat' dir='ltr'>et</span> <span class='ocrx_word' id='word_1_80' title='bbox 626 1185 799 1264; x_wconf 88' lang='lat' dir='ltr'>pecuniam,</span> <span class='ocrx_word' id='word_1_81' title='bbox 832 1199 919 1264; x_wconf 91' lang='lat' dir='ltr'>quam</span> <span class='ocrx_word' id='word_1_82' title='bbox 942 1184 973 1243; x_wconf 89' lang='lat' dir='ltr'>in</span> <span class='ocrx_word' id='word_1_83' title='bbox 1002 1181 1112 1243; x_wconf 90' lang='lat' dir='ltr'>bellum</span> <span class='ocrx_word' id='word_1_84' title='bbox 1141 1181 1285 1263; x_wconf 89' lang='lat' dir='ltr'>inpende-</span> 
     </span>
    </p>

    <p class='ocr_par' dir='ltr' id='par_1_5' title="bbox 68 1266 1284 1516">
     <span class='ocr_line' id='line_1_12' title="bbox 68 1266 1282 1347; baseline -0.003 -16"><span class='ocrx_word' id='word_1_85' title='bbox 68 1282 101 1331; x_wconf 87' lang='lat'>14</span> <span class='ocrx_word' id='word_1_86' title='bbox 117 1276 200 1338; x_wconf 87' lang='lat' dir='ltr'>rant,</span> <span class='ocrx_word' id='word_1_87' title='bbox 224 1267 353 1329; x_wconf 89' lang='lat' dir='ltr'>reddidit</span> <span class='ocrx_word' id='word_1_88' title='bbox 375 1276 405 1330; x_wconf 90' lang='lat' dir='ltr'>et</span> <span class='ocrx_word' id='word_1_89' title='bbox 426 1285 563 1347; x_wconf 86' lang='lat' dir='ltr'>magnam</span> <span class='ocrx_word' id='word_1_90' title='bbox 585 1269 738 1347; x_wconf 84' lang='lat' dir='ltr'>regionem</span> <span class='ocrx_word' id='word_1_91' title='bbox 760 1267 868 1329; x_wconf 86' lang='lat' dir='ltr'>finibus</span> <span class='ocrx_word' id='word_1_92' title='bbox 892 1284 994 1328; x_wconf 90' lang='lat' dir='ltr'>eorum</span> <span class='ocrx_word' id='word_1_93' title='bbox 1019 1266 1134 1327; x_wconf 90' lang='lat' dir='ltr'>adiecit.</span> <span class='ocrx_word' id='word_1_94' title='bbox 1183 1266 1282 1346; x_wconf 86' lang='lat' dir='ltr'>Cypri·</span> 
     </span>
     <span class='ocr_line' id='line_1_13' title="bbox 118 1350 1284 1432; baseline -0.003 -20"><span class='ocrx_word' id='word_1_95' title='bbox 118 1370 204 1412; x_wconf 92' lang='lat' dir='ltr'>orum</span> <span class='ocrx_word' id='word_1_96' title='bbox 232 1370 350 1431; x_wconf 90' lang='lat' dir='ltr'>quoque</span> <span class='ocrx_word' id='word_1_97' title='bbox 383 1351 518 1431; x_wconf 84' lang='lat' dir='ltr'>regibus,</span> <span class='ocrx_word' id='word_1_98' title='bbox 557 1353 605 1432; x_wconf 91' lang='lat' dir='ltr'>qui</span> <span class='ocrx_word' id='word_1_99' title='bbox 633 1359 663 1412; x_wconf 90' lang='lat' dir='ltr'>et</span> <span class='ocrx_word' id='word_1_100' title='bbox 690 1371 706 1412; x_wconf 93' lang='lat' dir='ltr'>a</span> <span class='ocrx_word' id='word_1_101' title='bbox 734 1352 830 1413; x_wconf 88' lang='lat' dir='ltr'>Dareo</span> <span class='ocrx_word' id='word_1_102' title='bbox 865 1352 1036 1413; x_wconf 89' lang='lat' dir='ltr'>deiecerant</span> <span class='ocrx_word' id='word_1_103' title='bbox 1063 1350 1100 1411; x_wconf 91' lang='lat' dir='ltr'>ad</span> <span class='ocrx_word' id='word_1_104' title='bbox 1128 1351 1227 1429; x_wconf 91' lang='lat' dir='ltr'>ipsum</span> <span class='ocrx_word' id='word_1_105' title='bbox 1255 1358 1284 1413; x_wconf 90' lang='lat' dir='ltr'>ct</span> 
     </span>
     <span class='ocr_line' id='line_1_14' title="bbox 117 1433 1283 1516; baseline 0 -21"><span class='ocrx_word' id='word_1_106' title='bbox 117 1438 300 1516; x_wconf 82' lang='lat' dir='ltr'>oppugnanti</span> <span class='ocrx_word' id='word_1_107' title='bbox 322 1437 433 1515; x_wconf 88' lang='lat' dir='ltr'>Tyrum</span> <span class='ocrx_word' id='word_1_108' title='bbox 456 1437 599 1498; x_wconf 88' lang='lat' dir='ltr'>miserant</span> <span class='ocrx_word' id='word_1_109' title='bbox 622 1435 760 1507; x_wconf 89' lang='lat' dir='ltr'>classem,</span> <span class='ocrx_word' id='word_1_110' title='bbox 784 1455 839 1515; x_wconf 92' lang='lat' dir='ltr'>pro</span> <span class='ocrx_word' id='word_1_111' title='bbox 860 1437 967 1497; x_wconf 86' lang='lat' dir='ltr'>merito</span> <span class='ocrx_word' id='word_1_112' title='bbox 982 1436 1077 1496; x_wconf 90' lang='lat' dir='ltr'>honos</span> <span class='ocrx_word' id='word_1_113' title='bbox 1092 1433 1213 1497; x_wconf 91' lang='lat' dir='ltr'>habitus</span> <span class='ocrx_word' id='word_1_114' title='bbox 1229 1443 1283 1496; x_wconf 90' lang='lat' dir='ltr'>est.</span> 
     </span>
    </p>

    <p class='ocr_par' dir='ltr' id='par_1_6' title="bbox 66 1518 1283 1854">
     <span class='ocr_line' id='line_1_15' title="bbox 66 1518 1282 1600; baseline -0.002 -16"><span class='ocrx_word' id='word_1_115' title='bbox 66 1534 98 1584; x_wconf 84' lang='lat'>15</span> <span class='ocrx_word' id='word_1_116' title='bbox 200 1519 398 1599; x_wconf 80' lang='lat' dir='ltr'>Amphoterus</span> <span class='ocrx_word' id='word_1_117' title='bbox 421 1520 541 1592; x_wconf 90' lang='lat' dir='ltr'>deinde,</span> <span class='ocrx_word' id='word_1_118' title='bbox 565 1520 666 1583; x_wconf 83' lang='lat' dir='ltr'>classis</span> <span class='ocrx_word' id='word_1_119' title='bbox 686 1523 871 1600; x_wconf 87' lang='lat' dir='ltr'>praefectus,</span> <span class='ocrx_word' id='word_1_120' title='bbox 901 1520 938 1581; x_wconf 89' lang='lat' dir='ltr'>ad</span> <span class='ocrx_word' id='word_1_121' title='bbox 959 1518 1144 1581; x_wconf 88' lang='lat' dir='ltr'>liberandam</span> <span class='ocrx_word' id='word_1_122' title='bbox 1167 1519 1282 1581; x_wconf 84' lang='lat' dir='ltr'>Cretam</span> 
     </span>
     <span class='ocr_line' id='line_1_16' title="bbox 116 1603 1283 1685; baseline 0.001 -22"><span class='ocrx_word' id='word_1_123' title='bbox 116 1605 222 1665; x_wconf 91' lang='lat' dir='ltr'>missus</span> <span class='ocrx_word' id='word_1_124' title='bbox 251 1637 291 1648; x_wconf 91' lang='lat'><em>-</em></span> <span class='ocrx_word' id='word_1_125' title='bbox 320 1622 449 1683; x_wconf 88' lang='lat' dir='ltr'>namque</span> <span class='ocrx_word' id='word_1_126' title='bbox 476 1614 506 1666; x_wconf 90' lang='lat' dir='ltr'>et</span> <span class='ocrx_word' id='word_1_127' title='bbox 533 1605 690 1666; x_wconf 89' lang='lat' dir='ltr'>Persarum</span> <span class='ocrx_word' id='word_1_128' title='bbox 726 1613 755 1667; x_wconf 90' lang='lat' dir='ltr'>et</span> <span class='ocrx_word' id='word_1_129' title='bbox 784 1606 996 1685; x_wconf 88' lang='lat' dir='ltr'>Spartanorum</span> <span class='ocrx_word' id='word_1_130' title='bbox 1025 1605 1116 1665; x_wconf 90' lang='lat' dir='ltr'>armis</span> <span class='ocrx_word' id='word_1_131' title='bbox 1143 1603 1283 1684; x_wconf 90' lang='lat' dir='ltr'>pleraque</span> 
     </span>
     <span class='ocr_line' id='line_1_17' title="bbox 117 1687 1282 1767; baseline 0 -19"><span class='ocrx_word' id='word_1_132' title='bbox 117 1689 181 1748; x_wconf 89' lang='lat' dir='ltr'>eius</span> <span class='ocrx_word' id='word_1_133' title='bbox 202 1687 315 1749; x_wconf 91' lang='lat' dir='ltr'>insulae</span> <span class='ocrx_word' id='word_1_134' title='bbox 338 1687 549 1751; x_wconf 88' lang='lat' dir='ltr'>obsidebantur</span> <span class='ocrx_word' id='word_1_135' title='bbox 571 1695 703 1751; x_wconf 86' lang='lat' dir='ltr'>——ante</span> <span class='ocrx_word' id='word_1_136' title='bbox 725 1691 823 1750; x_wconf 88' lang='lat' dir='ltr'>omnia</span> <span class='ocrx_word' id='word_1_137' title='bbox 846 1706 928 1749; x_wconf 89' lang='lat' dir='ltr'>mare</span> <span class='ocrx_word' id='word_1_138' title='bbox 950 1707 966 1748; x_wconf 89' lang='lat' dir='ltr'>a</span> <span class='ocrx_word' id='word_1_139' title='bbox 988 1689 1121 1767; x_wconf 89' lang='lat' dir='ltr'>piraticis</span> <span class='ocrx_word' id='word_1_140' title='bbox 1143 1687 1282 1750; x_wconf 88' lang='lat' dir='ltr'>classibus</span> 
     </span>
     <span class='ocr_line' id='line_1_18' title="bbox 116 1771 1281 1854; baseline 0.002 -24"><span class='ocrx_word' id='word_1_141' title='bbox 116 1771 264 1834; x_wconf 90' lang='lat' dir='ltr'>vindicare</span> <span class='ocrx_word' id='word_1_142' title='bbox 285 1774 397 1835; x_wconf 91' lang='lat' dir='ltr'>iussus:</span> <span class='ocrx_word' id='word_1_143' title='bbox 422 1775 530 1854; x_wconf 90' lang='lat' dir='ltr'>quippe</span> <span class='ocrx_word' id='word_1_144' title='bbox 552 1774 712 1836; x_wconf 83' lang='lat' dir='ltr'>obnoxium</span> <span class='ocrx_word' id='word_1_145' title='bbox 733 1773 933 1854; x_wconf 88' lang='lat' dir='ltr'>praedonibus</span> <span class='ocrx_word' id='word_1_146' title='bbox 949 1780 1013 1833; x_wconf 88' lang='lat' dir='ltr'>erat</span> <span class='ocrx_word' id='word_1_147' title='bbox 1026 1776 1057 1834; x_wconf 79' lang='lat' dir='ltr'>in</span> <span class='ocrx_word' id='word_1_148' title='bbox 1073 1772 1187 1834; x_wconf 89' lang='lat' dir='ltr'>bellum</span> <span class='ocrx_word' id='word_1_149' title='bbox 1202 1780 1281 1833; x_wconf 89' lang='lat' dir='ltr'>utro·</span> 
     </span>
    </p>

    <p class='ocr_par' dir='ltr' id='par_1_7' title="bbox 65 1857 1279 1938">
     <span class='ocr_line' id='line_1_19' title="bbox 65 1857 1279 1938; baseline 0 -20"><span class='ocrx_word' id='word_1_150' title='bbox 65 1869 98 1920; x_wconf 80' lang='lat'>16</span> <span class='ocrx_word' id='word_1_151' title='bbox 116 1873 173 1934; x_wconf 90' lang='lat' dir='ltr'>que</span> <span class='ocrx_word' id='word_1_152' title='bbox 195 1874 267 1935; x_wconf 87' lang='lat' dir='ltr'>rege</span> <span class='ocrx_word' id='word_1_153' title='bbox 289 1875 441 1919; x_wconf 84' lang='lat' dir='ltr'>converso.</span> <span class='ocrx_word' id='word_1_154' title='bbox 472 1858 524 1920; x_wconf 91' lang='lat' dir='ltr'>llis</span> <span class='ocrx_word' id='word_1_155' title='bbox 548 1860 709 1938; x_wconf 91' lang='lat' dir='ltr'>conpositis</span> <span class='ocrx_word' id='word_1_156' title='bbox 731 1857 852 1919; x_wconf 87' lang='lat' dir='ltr'>Herculi</span> <span class='ocrx_word' id='word_1_157' title='bbox 874 1857 964 1936; x_wconf 83' lang='lat' dir='ltr'>Tyrio</span> <span class='ocrx_word' id='word_1_158' title='bbox 987 1875 1025 1918; x_wconf 85' lang='lat' dir='ltr'>ex</span> <span class='ocrx_word' id='word_1_159' title='bbox 1046 1874 1119 1918; x_wconf 89' lang='lat' dir='ltr'>auro</span> <span class='ocrx_word' id='word_1_160' title='bbox 1135 1865 1279 1919; x_wconf 86' lang='lat' dir='ltr'>crateram</span> 
     </span>
    </p>
   </div>
   <div class='ocr_carea' id='block_1_3' title="bbox 114 2027 785 2102">
    <p class='ocr_par' dir='ltr' id='par_1_8' title="bbox 114 2027 785 2102">
     <span class='ocr_line' id='line_1_20' title="bbox 114 2027 785 2102; baseline 0.016 -19"><span class='ocrx_word' id='word_1_161' title='bbox 114 2027 301 2102; x_wconf 90' lang='lat' dir='ltr'>pronuntiari</span> <span class='ocrx_word' id='word_1_162' title='bbox 322 2027 415 2088; x_wconf 89' lang='lat' dir='ltr'>iussit.</span> <span class='ocrx_word' id='word_1_163' title='bbox 782 2060 785 2064; x_wconf 95' lang='lat'>·</span> 
     </span>
    </p>
   </div>
   <div class='ocr_carea' id='block_1_4' title="bbox 622 2178 771 2240">
    <p class='ocr_par' dir='ltr' id='par_1_9' title="bbox 622 2178 771 2240">
     <span class='ocr_line' id='line_1_21' title="bbox 622 2178 771 2240; baseline -0.013 0"><span class='ocrx_word' id='word_1_164' title='bbox 622 2179 699 2240; x_wconf 81' lang='lat' dir='ltr'>CAP.</span> <span class='ocrx_word' id='word_1_165' title='bbox 722 2178 771 2238; x_wconf 87' lang='lat' dir='ltr'>lX.</span> 
     </span>
    </p>
   </div>
   <div class='ocr_carea' id='block_1_5' title="bbox 79 2296 1319 2982">
    <p class='ocr_par' dir='ltr' id='par_1_10' title="bbox 80 2296 1319 2643">
     <span class='ocr_line' id='line_1_22' title="bbox 80 2296 1319 2391; baseline -0.002 -18"><span class='ocrx_word' id='word_1_166' title='bbox 80 2325 94 2373; x_wconf 93' lang='lat'>1</span> <span class='ocrx_word' id='word_1_167' title='bbox 198 2310 235 2369; x_wconf 92' lang='lat' dir='ltr'>At</span> <span class='ocrx_word' id='word_1_168' title='bbox 256 2310 381 2380; x_wconf 87' lang='lat' dir='ltr'>Dareus,</span> <span class='ocrx_word' id='word_1_169' title='bbox 412 2329 480 2371; x_wconf 87' lang='lat' dir='ltr'>cum</span> <span class='ocrx_word' id='word_1_170' title='bbox 508 2313 638 2391; x_wconf 86' lang='lat' dir='ltr'>Aegypto</span> <span class='ocrx_word' id='word_1_171' title='bbox 667 2310 826 2372; x_wconf 89' lang='lat' dir='ltr'>devertisse</span> <span class='ocrx_word' id='word_1_172' title='bbox 853 2312 884 2372; x_wconf 90' lang='lat' dir='ltr'>iu</span> <span class='ocrx_word' id='word_1_173' title='bbox 912 2311 1040 2373; x_wconf 89' lang='lat' dir='ltr'>Alricam</span> <span class='ocrx_word' id='word_1_174' title='bbox 1068 2310 1187 2372; x_wconf 89' lang='lat' dir='ltr'>hostem</span> <span class='ocrx_word' id='word_1_175' title='bbox 1208 2327 1278 2371; x_wconf 87' lang='lat' dir='ltr'>oon·</span> <span class='ocrx_word' id='word_1_176' title='bbox 1287 2296 1319 2363; x_wconf 82' lang='lat'>35</span> 
     </span>
     <span class='ocr_line' id='line_1_23' title="bbox 113 2392 1280 2474; baseline 0.001 -20"><span class='ocrx_word' id='word_1_177' title='bbox 113 2392 254 2471; x_wconf 88' lang='lat' dir='ltr'>perisset,</span> <span class='ocrx_word' id='word_1_178' title='bbox 278 2393 476 2464; x_wconf 87' lang='lat' dir='ltr'>dubitaverat,</span> <span class='ocrx_word' id='word_1_179' title='bbox 501 2402 641 2456; x_wconf 89' lang='lat' dir='ltr'>utrumne</span> <span class='ocrx_word' id='word_1_180' title='bbox 664 2396 742 2456; x_wconf 87' lang='lat' dir='ltr'>cirea</span> <span class='ocrx_word' id='word_1_181' title='bbox 765 2395 1008 2474; x_wconf 88' lang='lat' dir='ltr'>Mesopotamiam</span> <span class='ocrx_word' id='word_1_182' title='bbox 1030 2394 1220 2465; x_wconf 89' lang='lat' dir='ltr'>subsisteret,</span> <span class='ocrx_word' id='word_1_183' title='bbox 1245 2411 1280 2455; x_wconf 91' lang='lat' dir='ltr'>an</span> 
     </span>
     <span class='ocr_line' id='line_1_24' title="bbox 112 2476 1280 2560; baseline 0.004 -24"><span class='ocrx_word' id='word_1_184' title='bbox 112 2476 255 2539; x_wconf 90' lang='lat' dir='ltr'>interiora</span> <span class='ocrx_word' id='word_1_185' title='bbox 277 2480 364 2557; x_wconf 85' lang='lat' dir='ltr'>regui</span> <span class='ocrx_word' id='word_1_186' title='bbox 384 2480 430 2541; x_wconf 89' lang='lat' dir='ltr'>sui</span> <span class='ocrx_word' id='word_1_187' title='bbox 459 2486 588 2557; x_wconf 89' lang='lat' dir='ltr'>peteret,</span> <span class='ocrx_word' id='word_1_188' title='bbox 616 2478 694 2541; x_wconf 92' lang='lat' dir='ltr'>haud</span> <span class='ocrx_word' id='word_1_189' title='bbox 718 2478 806 2542; x_wconf 92' lang='lat' dir='ltr'>dubie</span> <span class='ocrx_word' id='word_1_190' title='bbox 827 2482 977 2558; x_wconf 90' lang='lat' dir='ltr'>potentior</span> <span class='ocrx_word' id='word_1_191' title='bbox 1006 2487 1109 2541; x_wconf 90' lang='lat' dir='ltr'>auctor</span> <span class='ocrx_word' id='word_1_192' title='bbox 1139 2496 1280 2560; x_wconf 88' lang='lat' dir='ltr'>praeseus</span> 
     </span>
     <span class='ocr_line' id='line_1_25' title="bbox 114 2561 1281 2643; baseline 0.003 -23"><span class='ocrx_word' id='word_1_193' title='bbox 114 2561 231 2623; x_wconf 86' lang='lat' dir='ltr'>iuturus</span> <span class='ocrx_word' id='word_1_194' title='bbox 265 2562 375 2624; x_wconf 91' lang='lat' dir='ltr'>ultimis</span> <span class='ocrx_word' id='word_1_195' title='bbox 409 2562 547 2641; x_wconf 87' lang='lat' dir='ltr'>gentibus</span> <span class='ocrx_word' id='word_1_196' title='bbox 573 2565 690 2643; x_wconf 81' lang='lat' dir='ltr'>inpigre</span> <span class='ocrx_word' id='word_1_197' title='bbox 718 2563 828 2625; x_wconf 92' lang='lat' dir='ltr'>bellum</span> <span class='ocrx_word' id='word_1_198' title='bbox 862 2565 1049 2643; x_wconf 85' lang='lat' dir='ltr'>capessendi,</span> <span class='ocrx_word' id='word_1_199' title='bbox 1091 2581 1165 2641; x_wconf 91' lang='lat' dir='ltr'>quas</span> <span class='ocrx_word' id='word_1_200' title='bbox 1193 2580 1281 2642; x_wconf 85' lang='lat' dir='ltr'>aegre</span> 
     </span>
    </p>

    <p class='ocr_par' dir='ltr' id='par_1_11' title="bbox 79 2646 1280 2982">
     <span class='ocr_line' id='line_1_26' title="bbox 79 2646 1280 2725; baseline -0.002 -13"><span class='ocrx_word' id='word_1_201' title='bbox 79 2663 168 2723; x_wconf 66' lang='lat' dir='ltr'>sper</span> <span class='ocrx_word' id='word_1_202' title='bbox 189 2647 355 2725; x_wconf 81' lang='lat' dir='ltr'>praefectos</span> <span class='ocrx_word' id='word_1_203' title='bbox 383 2665 452 2708; x_wconf 91' lang='lat' dir='ltr'>suos</span> <span class='ocrx_word' id='word_1_204' title='bbox 480 2647 668 2710; x_wconf 90' lang='lat' dir='ltr'>moliebatur.</span> <span class='ocrx_word' id='word_1_205' title='bbox 714 2648 772 2709; x_wconf 90' lang='lat' dir='ltr'>Sed</span> <span class='ocrx_word' id='word_1_206' title='bbox 801 2654 833 2708; x_wconf 92' lang='lat' dir='ltr'>ut</span> <span class='ocrx_word' id='word_1_207' title='bbox 860 2649 974 2710; x_wconf 89' lang='lat' dir='ltr'>idoneis</span> <span class='ocrx_word' id='word_1_208' title='bbox 1002 2646 1175 2709; x_wconf 90' lang='lat' dir='ltr'>auctoribus</span> <span class='ocrx_word' id='word_1_209' title='bbox 1204 2648 1280 2709; x_wconf 85' lang='lat' dir='ltr'>lama</span> 
     </span>
     <span class='ocr_line' id='line_1_27' title="bbox 114 2729 1280 2811; baseline 0.006 -24"><span class='ocrx_word' id='word_1_210' title='bbox 114 2729 252 2809; x_wconf 87' lang='lat' dir='ltr'>vulgavit,</span> <span class='ocrx_word' id='word_1_211' title='bbox 276 2730 475 2794; x_wconf 84' lang='lat' dir='ltr'>Alexandrum</span> <span class='ocrx_word' id='word_1_212' title='bbox 498 2751 566 2794; x_wconf 91' lang='lat' dir='ltr'>curn</span> <span class='ocrx_word' id='word_1_213' title='bbox 588 2731 724 2793; x_wconf 89' lang='lat' dir='ltr'>omnibus</span> <span class='ocrx_word' id='word_1_214' title='bbox 746 2733 852 2811; x_wconf 85' lang='lat' dir='ltr'>copiis,</span> <span class='ocrx_word' id='word_1_215' title='bbox 876 2748 1094 2811; x_wconf 90' lang='lat' dir='ltr'>quamcumque</span> <span class='ocrx_word' id='word_1_216' title='bbox 1113 2732 1180 2811; x_wconf 89' lang='lat' dir='ltr'>ipse</span> <span class='ocrx_word' id='word_1_217' title='bbox 1204 2730 1280 2794; x_wconf 89' lang='lat' dir='ltr'>adis·</span> 
     </span>
     <span class='ocr_line' id='line_1_28' title="bbox 113 2815 1280 2895; baseline 0.003 -22"><span class='ocrx_word' id='word_1_218' title='bbox 113 2821 159 2875; x_wconf 89' lang='lat' dir='ltr'>set</span> <span class='ocrx_word' id='word_1_219' title='bbox 180 2818 348 2892; x_wconf 88' lang='lat' dir='ltr'>regionem,</span> <span class='ocrx_word' id='word_1_220' title='bbox 383 2818 558 2895; x_wconf 90' lang='lat' dir='ltr'>petiturum:</span> <span class='ocrx_word' id='word_1_221' title='bbox 593 2815 671 2878; x_wconf 91' lang='lat' dir='ltr'>haud</span> <span class='ocrx_word' id='word_1_222' title='bbox 699 2816 834 2894; x_wconf 85' lang='lat' dir='ltr'>ignarus,</span> <span class='ocrx_word' id='word_1_223' title='bbox 867 2833 955 2895; x_wconf 89' lang='lat' dir='ltr'>quam</span> <span class='ocrx_word' id='word_1_224' title='bbox 984 2834 1052 2878; x_wconf 90' lang='lat' dir='ltr'>cum</span> <span class='ocrx_word' id='word_1_225' title='bbox 1081 2825 1204 2876; x_wconf 89' lang='lat' dir='ltr'>strenuo</span> <span class='ocrx_word' id='word_1_226' title='bbox 1232 2833 1280 2877; x_wconf 94' lang='lat' dir='ltr'>res</span> 
     </span>
     <span class='ocr_line' id='line_1_29' title="bbox 113 2899 1280 2982; baseline 0.003 -25"><span class='ocrx_word' id='word_1_227' title='bbox 113 2906 204 2967; x_wconf 88' lang='lat' dir='ltr'>esset,</span> <span class='ocrx_word' id='word_1_228' title='bbox 239 2901 336 2960; x_wconf 90' lang='lat' dir='ltr'>omnia</span> <span class='ocrx_word' id='word_1_229' title='bbox 364 2900 593 2982; x_wconf 86' lang='lat' dir='ltr'>longinquarum</span> <span class='ocrx_word' id='word_1_230' title='bbox 623 2901 754 2980; x_wconf 89' lang='lat' dir='ltr'>gentium</span> <span class='ocrx_word' id='word_1_231' title='bbox 783 2900 889 2961; x_wconf 85' lang='lat' dir='ltr'>auxilia</span> <span class='ocrx_word' id='word_1_232' title='bbox 922 2899 1114 2979; x_wconf 88' lang='lat' dir='ltr'>Babyloniam</span> <span class='ocrx_word' id='word_1_233' title='bbox 1144 2900 1280 2962; x_wconf 89' lang='lat' dir='ltr'>contrahi</span> 
     </span>
    </p>
   </div>
   <div class='ocr_carea' id='block_1_6' title="bbox 107 3115 1281 4057">
    <p class='ocr_par' dir='ltr' id='par_1_12' title="bbox 112 3115 1064 3302">
     <span class='ocr_line' id='line_1_30' title="bbox 112 3115 1056 3201; baseline 0.003 -33"><span class='ocrx_word' id='word_1_234' title='bbox 112 3115 668 3171; x_wconf 79' lang='lat' dir='ltr'>Aristonicums.h.2t.Ueberinte&#39;r</span> <span class='ocrx_word' id='word_1_235' title='bbox 932 3149 953 3200; x_wconf 69' lang='grc' dir='ltr'>Ο</span> <span class='ocrx_word' id='word_1_236' title='bbox 1015 3151 1056 3201; x_wconf 70' lang='lat' dir='ltr'>IX</span> 
     </span>
     <span class='ocr_line' id='line_1_31' title="bbox 112 3164 1064 3302; baseline 0.001 -66"><span class='ocrx_word' id='word_1_237' title='bbox 112 3197 230 3247; x_wconf 78' lang='lat' dir='ltr'>puers.</span> <span class='ocrx_word' id='word_1_238' title='bbox 242 3179 395 3302; x_wconf 44' lang='lat' dir='ltr'>illnlqyid</span> <span class='ocrx_word' id='word_1_239' title='bbox 407 3189 489 3236; x_wconf 81' lang='lat' dir='ltr'>untur</span> <span class='ocrx_word' id='word_1_240' title='bbox 500 3183 584 3238; x_wconf 84' lang='lat' dir='ltr'>inter.</span> <span class='ocrx_word' id='word_1_241' title='bbox 954 3164 997 3200; x_wconf 63' lang='grc' dir='ltr'>ΔΡ·</span> <span class='ocrx_word' id='word_1_242' title='bbox 1058 3188 1064 3201; x_wconf 89' lang='grc'>·</span> 
     </span>
    </p>

    <p class='ocr_par' dir='ltr' id='par_1_13' title="bbox 107 3247 1281 3921">
     <span class='ocr_line' id='line_1_32' title="bbox 148 3247 1280 3319; baseline 0.003 -19"><span class='ocrx_word' id='word_1_243' title='bbox 148 3252 187 3303; x_wconf 80' lang='lat'>12.</span> <span class='ocrx_word' id='word_1_244' title='bbox 200 3248 305 3302; x_wconf 84' lang='lat' dir='ltr'>cudit.</span> <span class='ocrx_word' id='word_1_245' title='bbox 353 3247 403 3302; x_wconf 89' lang='lat' dir='ltr'>ach</span> <span class='ocrx_word' id='word_1_246' title='bbox 415 3248 475 3303; x_wconf 92' lang='lat' dir='ltr'>Arr.</span> <span class='ocrx_word' id='word_1_247' title='bbox 490 3247 668 3316; x_wconf 79' lang='lat' dir='ltr'>emfiugAlex.</span> <span class='ocrx_word' id='word_1_248' title='bbox 756 3253 779 3304; x_wconf 93' lang='lat'>1.</span> <span class='ocrx_word' id='word_1_249' title='bbox 797 3247 949 3314; x_wconf 77' lang='lat' dir='ltr'>Dareus,</span> <span class='ocrx_word' id='word_1_250' title='bbox 968 3248 1145 3319; x_wconf 86' lang='lat' dir='ltr'>anhndpiend</span> <span class='ocrx_word' id='word_1_251' title='bbox 1160 3267 1194 3306; x_wconf 91' lang='lat' dir='ltr'>au</span> <span class='ocrx_word' id='word_1_252' title='bbox 1212 3255 1236 3306; x_wconf 91' lang='lat' dir='ltr'>c.</span> <span class='ocrx_word' id='word_1_253' title='bbox 1249 3253 1280 3315; x_wconf 84' lang='lat'>4;</span> 
     </span>
     <span class='ocr_line' id='line_1_33' title="bbox 111 3314 1280 3385; baseline 0.001 -16"><span class='ocrx_word' id='word_1_254' title='bbox 111 3315 156 3371; x_wconf 88' lang='lat' dir='ltr'>die</span> <span class='ocrx_word' id='word_1_255' title='bbox 174 3314 307 3371; x_wconf 88' lang='lat' dir='ltr'>letztererr</span> <span class='ocrx_word' id='word_1_256' title='bbox 323 3315 394 3370; x_wconf 86' lang='lat' dir='ltr'>noch</span> <span class='ocrx_word' id='word_1_257' title='bbox 412 3315 438 3369; x_wconf 90' lang='lat' dir='ltr'>in</span> <span class='ocrx_word' id='word_1_258' title='bbox 461 3315 600 3384; x_wconf 86' lang='lat' dir='ltr'>Memphis,</span> <span class='ocrx_word' id='word_1_259' title='bbox 626 3316 669 3372; x_wconf 89' lang='lat' dir='ltr'>die</span> <span class='ocrx_word' id='word_1_260' title='bbox 720 3317 888 3382; x_wconf 71' lang='lat' dir='ltr'>Aeqypto,</span> <span class='ocrx_word' id='word_1_261' title='bbox 915 3318 987 3373; x_wconf 93' lang='lat' dir='ltr'>ohne</span> <span class='ocrx_word' id='word_1_262' title='bbox 1007 3315 1135 3385; x_wconf 72' lang='lat' dir='ltr'>Priapos,</span> <span class='ocrx_word' id='word_1_263' title='bbox 1157 3336 1181 3376; x_wconf 91' lang='lat' dir='ltr'>s.</span> <span class='ocrx_word' id='word_1_264' title='bbox 1203 3323 1230 3376; x_wconf 83' lang='lat'>3,</span> <span class='ocrx_word' id='word_1_265' title='bbox 1251 3323 1280 3380; x_wconf 80' lang='lat'>&#39;1;</span> 
     </span>
     <span class='ocr_line' id='line_1_34' title="bbox 114 3381 1281 3450; baseline 0.003 -13"><span class='ocrx_word' id='word_1_266' title='bbox 114 3391 236 3438; x_wconf 89' lang='lat' dir='ltr'>erstcren</span> <span class='ocrx_word' id='word_1_267' title='bbox 249 3382 277 3436; x_wconf 91' lang='lat' dir='ltr'>in</span> <span class='ocrx_word' id='word_1_268' title='bbox 290 3383 388 3449; x_wconf 85' lang='lat' dir='ltr'>Tyrus.</span> <span class='ocrx_word' id='word_1_269' title='bbox 419 3381 445 3437; x_wconf 82' lang='lat' dir='ltr'>C.</span> <span class='ocrx_word' id='word_1_270' title='bbox 460 3381 528 3439; x_wconf 77' lang='lat' dir='ltr'>lasst</span> <span class='ocrx_word' id='word_1_271' title='bbox 540 3382 609 3437; x_wconf 87' lang='lat' dir='ltr'>dher</span> <span class='ocrx_word' id='word_1_272' title='bbox 621 3383 668 3439; x_wconf 89' lang='lat' dir='ltr'>das</span> <span class='ocrx_word' id='word_1_273' title='bbox 721 3388 803 3439; x_wconf 78' lang='lat' dir='ltr'>utro</span> <span class='ocrx_word' id='word_1_274' title='bbox 812 3399 884 3440; x_wconf 86' lang='lat' dir='ltr'>mne</span> <span class='ocrx_word' id='word_1_275' title='bbox 897 3403 919 3441; x_wconf 91' lang='lat' dir='ltr'>s.</span> <span class='ocrx_word' id='word_1_276' title='bbox 931 3383 1000 3439; x_wconf 88' lang='lat' dir='ltr'>Einl.</span> <span class='ocrx_word' id='word_1_277' title='bbox 1013 3385 1039 3450; x_wconf 70' lang='lat' dir='ltr'>S.</span> <span class='ocrx_word' id='word_1_278' title='bbox 1053 3389 1085 3437; x_wconf 81' lang='grc'>39</span> <span class='ocrx_word' id='word_1_279' title='bbox 1096 3385 1121 3440; x_wconf 91' lang='lat' dir='ltr'>d.</span> <span class='ocrx_word' id='word_1_280' title='bbox 1132 3388 1281 3442; x_wconf 82' lang='lat' dir='ltr'>-circo</span> 
     </span>
     <span class='ocr_line' id='line_1_35' title="bbox 112 3448 1280 3518; baseline 0.003 -13"><span class='ocrx_word' id='word_1_281' title='bbox 112 3449 250 3505; x_wconf 80' lang='lat' dir='ltr'>(lertliche</span> <span class='ocrx_word' id='word_1_282' title='bbox 260 3448 523 3517; x_wconf 74' lang='lat' dir='ltr'>gauzimUnhlarem</span> <span class='ocrx_word' id='word_1_283' title='bbox 537 3448 670 3518; x_wconf 75' lang='lat' dir='ltr'>§.tn-te</span> <span class='ocrx_word' id='word_1_284' title='bbox 720 3449 756 3504; x_wconf 90' lang='lat' dir='ltr'>M</span> <span class='ocrx_word' id='word_1_285' title='bbox 757 3466 801 3507; x_wconf 85' lang='lat' dir='ltr'>es.</span> <span class='ocrx_word' id='word_1_286' title='bbox 813 3452 902 3506; x_wconf 77' lang='lat' dir='ltr'>=‘im</span> <span class='ocrx_word' id='word_1_287' title='bbox 910 3451 1058 3515; x_wconf 89' lang='lat' dir='ltr'>Umhreise,</span> <span class='ocrx_word' id='word_1_288' title='bbox 1069 3451 1235 3517; x_wconf 89' lang='lat' dir='ltr'>innerhalh’,</span> <span class='ocrx_word' id='word_1_289' title='bbox 1247 3469 1280 3508; x_wconf 92' lang='lat' dir='ltr'>so</span> 
     </span>
     <span class='ocr_line' id='line_1_36' title="bbox 111 3516 1280 3583; baseline 0.006 -12"><span class='ocrx_word' id='word_1_290' title='bbox 111 3517 172 3572; x_wconf 88' lang='lat' dir='ltr'>siud</span> <span class='ocrx_word' id='word_1_291' title='bbox 185 3517 285 3572; x_wconf 84' lang='lat' dir='ltr'>hdchst</span> <span class='ocrx_word' id='word_1_292' title='bbox 297 3516 452 3582; x_wconf 81' lang='lat' dir='ltr'>naehlassig</span> <span class='ocrx_word' id='word_1_293' title='bbox 464 3517 665 3583; x_wconf 86' lang='lat' dir='ltr'>hingeworlen.</span> <span class='ocrx_word' id='word_1_294' title='bbox 719 3519 806 3574; x_wconf 89' lang='lat' dir='ltr'>sohon</span> <span class='ocrx_word' id='word_1_295' title='bbox 829 3517 974 3575; x_wconf 89' lang='lat' dir='ltr'>bisweilen</span> <span class='ocrx_word' id='word_1_296' title='bbox 997 3517 1041 3575; x_wconf 91' lang='lat' dir='ltr'>bei</span> <span class='ocrx_word' id='word_1_297' title='bbox 1060 3519 1225 3578; x_wconf 82' lang='lat' dir='ltr'>Classihern.</span> <span class='ocrx_word' id='word_1_298' title='bbox 1247 3554 1280 3563; x_wconf 93' lang='lat'><em>-</em></span> 
     </span>
     <span class='ocr_line' id='line_1_37' title="bbox 107 3579 1279 3656; baseline 0.003 -19"><span class='ocrx_word' id='word_1_299' title='bbox 107 3614 144 3625; x_wconf 76' lang='lat'><em>-</em></span> <span class='ocrx_word' id='word_1_300' title='bbox 156 3589 242 3649; x_wconf 83' lang='lat' dir='ltr'>capt.</span> <span class='ocrx_word' id='word_1_301' title='bbox 258 3584 484 3647; x_wconf 84' lang='lat' dir='ltr'>Graecorum,</span> <span class='ocrx_word' id='word_1_302' title='bbox 503 3588 526 3638; x_wconf 85' lang='lat'>3.</span> <span class='ocrx_word' id='word_1_303' title='bbox 546 3588 569 3640; x_wconf 86' lang='lat'>1.</span> <span class='ocrx_word' id='word_1_304' title='bbox 581 3589 606 3648; x_wconf 83' lang='lat'>9,</span> <span class='ocrx_word' id='word_1_305' title='bbox 619 3599 665 3652; x_wconf 87' lang='lat' dir='ltr'>ge·</span> <span class='ocrx_word' id='word_1_306' title='bbox 716 3600 901 3652; x_wconf 78' lang='lat' dir='ltr'>praesens,</span> <span class='ocrx_word' id='word_1_307' title='bbox 914 3585 1011 3643; x_wconf 88' lang='lat' dir='ltr'>betont</span> <span class='ocrx_word' id='word_1_308' title='bbox 1023 3609 1056 3631; x_wconf 94' lang='lat'><em>=</em></span> <span class='ocrx_word' id='word_1_309' title='bbox 1070 3583 1097 3641; x_wconf 79' lang='lat' dir='ltr'>sl</span> <span class='ocrx_word' id='word_1_310' title='bbox 1110 3579 1279 3656; x_wconf 73' lang='grc' dir='ltr'><strong><em>αὗιόςπαρ-</em></strong></span> 
     </span>
     <span class='ocr_line' id='line_1_38' title="bbox 111 3651 1280 3720; baseline 0.004 -15"><span class='ocrx_word' id='word_1_311' title='bbox 111 3658 166 3705; x_wconf 87' lang='lat' dir='ltr'>not.</span> <span class='ocrx_word' id='word_1_312' title='bbox 200 3658 263 3712; x_wconf 89' lang='lat' dir='ltr'>art.;</span> <span class='ocrx_word' id='word_1_313' title='bbox 288 3651 326 3706; x_wconf 84' lang='lat' dir='ltr'>de</span> <span class='ocrx_word' id='word_1_314' title='bbox 340 3651 538 3717; x_wconf 80' lang='lat' dir='ltr'>praesidio,</span> <span class='ocrx_word' id='word_1_315' title='bbox 557 3669 579 3708; x_wconf 91' lang='lat' dir='ltr'>s.</span> <span class='ocrx_word' id='word_1_316' title='bbox 596 3651 664 3709; x_wconf 86' lang='lat' dir='ltr'>Einl.</span> <span class='ocrx_word' id='word_1_317' title='bbox 718 3653 1152 3720; x_wconf 68' lang='lat' dir='ltr'>stq.-moliebatur‚s.r.r.</span> <span class='ocrx_word' id='word_1_318' title='bbox 1177 3655 1280 3712; x_wconf 88' lang='lat' dir='ltr'>Ueber·</span> 
     </span>
     <span class='ocr_line' id='line_1_39' title="bbox 111 3668 1279 3800; baseline 0.009 -32"><span class='ocrx_word' id='word_1_319' title='bbox 111 3668 210 3797; x_wconf 48' lang='lat' dir='ltr'>MR.</span> <span class='ocrx_word' id='word_1_320' title='bbox 525 3787 530 3798; x_wconf 36' lang='grc' dir='ltr'>Ι</span> <span class='ocrx_word' id='word_1_321' title='bbox 648 3788 654 3800; x_wconf 39' lang='grc'><strong>.</strong></span> <span class='ocrx_word' id='word_1_322' title='bbox 717 3721 1279 3790; x_wconf 81' lang='lat' dir='ltr'>setze:ervermochteinbewegungzu</span> 
     </span>
     <span class='ocr_line' id='line_1_40' title="bbox 147 3785 819 3852; baseline 0.01 -17"><span class='ocrx_word' id='word_1_323' title='bbox 147 3789 185 3838; x_wconf 88' lang='lat'>13.</span> <span class='ocrx_word' id='word_1_324' title='bbox 199 3789 367 3852; x_wconf 74' lang='lat' dir='ltr'>reportes</span> <span class='ocrx_word' id='word_1_325' title='bbox 384 3791 484 3852; x_wconf 82' lang='lat' dir='ltr'>‘gegcn</span> <span class='ocrx_word' id='word_1_326' title='bbox 502 3785 553 3842; x_wconf 90' lang='lat' dir='ltr'>dre</span> <span class='ocrx_word' id='word_1_327' title='bbox 565 3785 664 3851; x_wconf 89' lang='lat' dir='ltr'>Parter,</span> <span class='ocrx_word' id='word_1_328' title='bbox 717 3794 819 3842; x_wconf 85' lang='lat' dir='ltr'>setzen.</span> 
     </span>
     <span class='ocr_line' id='line_1_41' title="bbox 108 3850 1279 3921; baseline 0.005 -15"><span class='ocrx_word' id='word_1_329' title='bbox 108 3850 663 3918; x_wconf 75' lang='lat' dir='ltr'>Sacho’,namlAleranders,s.9.2,16,4.</span> <span class='ocrx_word' id='word_1_330' title='bbox 751 3858 775 3909; x_wconf 79' lang='lat'>2.</span> <span class='ocrx_word' id='word_1_331' title='bbox 793 3853 963 3921; x_wconf 64' lang='lat' dir='ltr'>culpavit,</span> <span class='ocrx_word' id='word_1_332' title='bbox 987 3854 1084 3910; x_wconf 88' lang='lat' dir='ltr'>mehri.</span> <span class='ocrx_word' id='word_1_333' title='bbox 1106 3855 1151 3912; x_wconf 94' lang='lat' dir='ltr'>bei</span> <span class='ocrx_word' id='word_1_334' title='bbox 1177 3855 1204 3914; x_wconf 86' lang='lat' dir='ltr'>C.</span> <span class='ocrx_word' id='word_1_335' title='bbox 1230 3858 1279 3912; x_wconf 91' lang='lat' dir='ltr'>mit</span> 
     </span>
    </p>

    <p class='ocr_par' dir='ltr' id='par_1_14' title="bbox 145 3918 1278 3989">
     <span class='ocr_line' id='line_1_42' title="bbox 145 3918 1278 3989; baseline 0.009 -20"><span class='ocrx_word' id='word_1_336' title='bbox 145 3924 184 3974; x_wconf 88' lang='lat'>15.</span> <span class='ocrx_word' id='word_1_337' title='bbox 197 3918 463 3987; x_wconf 82' lang='lat' dir='ltr'>Spartanorum,</span> <span class='ocrx_word' id='word_1_338' title='bbox 477 3939 500 3977; x_wconf 90' lang='lat' dir='ltr'>s.</span> <span class='ocrx_word' id='word_1_339' title='bbox 513 3925 535 3977; x_wconf 93' lang='lat'>1.</span> <span class='ocrx_word' id='word_1_340' title='bbox 548 3926 588 3977; x_wconf 83' lang='lat'>38.</span> <span class='ocrx_word' id='word_1_341' title='bbox 717 3919 1142 3989; x_wconf 77' lang='lat' dir='ltr'>thjehtenrviesamo,subula;</span> <span class='ocrx_word' id='word_1_342' title='bbox 1155 3923 1278 3981; x_wconf 84' lang='lat' dir='ltr'>deneben</span> 
     </span>
    </p>

    <p class='ocr_par' dir='ltr' id='par_1_15' title="bbox 147 3988 1278 4057">
     <span class='ocr_line' id='line_1_43' title="bbox 147 3988 1278 4057; baseline 0.006 -21"><span class='ocrx_word' id='word_1_343' title='bbox 147 3992 185 4040; x_wconf 82' lang='grc'>16.</span> <span class='ocrx_word' id='word_1_344' title='bbox 198 3989 343 4052; x_wconf 81' lang='lat' dir='ltr'>dicavit,</span> <span class='ocrx_word' id='word_1_345' title='bbox 358 3988 491 4043; x_wconf 77' lang='lat' dir='ltr'>wahreud</span> <span class='ocrx_word' id='word_1_346' title='bbox 507 3990 596 4044; x_wconf 89' lang='lat' dir='ltr'>seines</span> <span class='ocrx_word' id='word_1_347' title='bbox 607 3988 666 4043; x_wconf 81' lang='lat' dir='ltr'>lin·</span> <span class='ocrx_word' id='word_1_348' title='bbox 714 3991 792 4053; x_wconf 76' lang='lat' dir='ltr'>somn</span> <span class='ocrx_word' id='word_1_349' title='bbox 808 3989 927 4057; x_wconf 76' lang='lat' dir='ltr'>culpare</span> <span class='ocrx_word' id='word_1_350' title='bbox 944 3994 967 4046; x_wconf 76' lang='lat' dir='ltr'>t.</span> <span class='ocrx_word' id='word_1_351' title='bbox 985 3994 1009 4046; x_wconf 87' lang='grc'>6.</span> <span class='ocrx_word' id='word_1_352' title='bbox 1028 3993 1067 4052; x_wconf 77' lang='lat' dir='ltr'>tn,</span> <span class='ocrx_word' id='word_1_353' title='bbox 1087 3994 1127 4046; x_wconf 90' lang='lat'>10.</span> <span class='ocrx_word' id='word_1_354' title='bbox 1143 3996 1167 4046; x_wconf 92' lang='lat'>1.</span> <span class='ocrx_word' id='word_1_355' title='bbox 1183 3996 1225 4046; x_wconf 86' lang='lat'>31.</span> <span class='ocrx_word' id='word_1_356' title='bbox 1246 4020 1278 4031; x_wconf 91' lang='lat'><em>-</em></span> 
     </span>
    </p>
   </div>
   <div class='ocr_carea' id='block_1_7' title="bbox 44 4047 1280 4405">
    <p class='ocr_par' dir='ltr' id='par_1_16' title="bbox 44 4047 1280 4405">
     <span class='ocr_line' id='line_1_44' title="bbox 108 4047 1280 4174; baseline 0 -63"><span class='ocrx_word' id='word_1_357' title='bbox 108 4069 195 4174; x_wconf 52' lang='lat' dir='ltr'>{eren</span> <span class='ocrx_word' id='word_1_358' title='bbox 212 4054 385 4111; x_wconf 88' lang='lat' dir='ltr'>Auienthalts</span> <span class='ocrx_word' id='word_1_359' title='bbox 403 4055 432 4108; x_wconf 92' lang='lat' dir='ltr'>in</span> <span class='ocrx_word' id='word_1_360' title='bbox 448 4054 546 4122; x_wconf 81' lang='lat' dir='ltr'>Tyrus,</span> <span class='ocrx_word' id='word_1_361' title='bbox 568 4055 666 4111; x_wconf 89' lang='lat' dir='ltr'>dessen</span> <span class='ocrx_word' id='word_1_362' title='bbox 717 4057 863 4113; x_wconf 81' lang='lat' dir='ltr'>udisset.</span> <span class='ocrx_word' id='word_1_363' title='bbox 887 4056 968 4113; x_wconf 89' lang='lat' dir='ltr'>Sinn:</span> <span class='ocrx_word' id='word_1_364' title='bbox 982 4047 1049 4110; x_wconf 80' lang='grc' dir='ltr'><strong><em>ὅποι</em></strong></span> <span class='ocrx_word' id='word_1_365' title='bbox 1062 4048 1100 4111; x_wconf 73' lang='grc' dir='ltr'>ἂν</span> <span class='ocrx_word' id='word_1_366' title='bbox 1112 4050 1202 4121; x_wconf 75' lang='grc' dir='ltr'><strong><em>αὐτὸς</em></strong></span> <span class='ocrx_word' id='word_1_367' title='bbox 1214 4078 1280 4127; x_wconf 78' lang='grc' dir='ltr'><strong><em>τρα-</em></strong></span> 
     </span>
     <span class='ocr_line' id='line_1_45' title="bbox 134 4121 1278 4200; baseline 0.009 -29"><span class='ocrx_word' id='word_1_368' title='bbox 134 4121 372 4200; x_wconf 70' lang='lat' dir='ltr'>mehtgedeutn.</span> <span class='ocrx_word' id='word_1_369' title='bbox 389 4150 422 4159; x_wconf 95' lang='lat'><em>—</em></span> <span class='ocrx_word' id='word_1_370' title='bbox 446 4124 489 4177; x_wconf 86' lang='lat' dir='ltr'>od</span> <span class='ocrx_word' id='word_1_371' title='bbox 504 4123 666 4191; x_wconf 81' lang='lat' dir='ltr'>Euphro-</span> <span class='ocrx_word' id='word_1_372' title='bbox 717 4124 771 4188; x_wconf 72' lang='grc' dir='ltr'>πῇς</span> <span class='ocrx_word' id='word_1_373' title='bbox 791 4123 863 4179; x_wconf 89' lang='lat' dir='ltr'>deun</span> <span class='ocrx_word' id='word_1_374' title='bbox 880 4124 955 4180; x_wconf 80' lang='lat' dir='ltr'>Alex.</span> <span class='ocrx_word' id='word_1_375' title='bbox 972 4124 1073 4182; x_wconf 88' lang='lat' dir='ltr'>hannte</span> <span class='ocrx_word' id='word_1_376' title='bbox 1091 4124 1144 4181; x_wconf 92' lang='lat' dir='ltr'>den</span> <span class='ocrx_word' id='word_1_377' title='bbox 1161 4127 1278 4183; x_wconf 79' lang='lat' dir='ltr'>Aufent-</span> 
     </span>
     <span class='ocr_line' id='line_1_46' title="bbox 111 4189 1278 4258; baseline 0.006 -17"><span class='ocrx_word' id='word_1_378' title='bbox 111 4192 180 4253; x_wconf 84' lang='lat' dir='ltr'>ten,</span> <span class='ocrx_word' id='word_1_379' title='bbox 205 4203 259 4243; x_wconf 85' lang='lat' dir='ltr'>wre</span> <span class='ocrx_word' id='word_1_380' title='bbox 283 4193 306 4242; x_wconf 80' lang='lat'>7.</span> <span class='ocrx_word' id='word_1_381' title='bbox 325 4194 348 4243; x_wconf 88' lang='lat'>3.</span> <span class='ocrx_word' id='word_1_382' title='bbox 368 4191 429 4243; x_wconf 82' lang='lat' dir='ltr'>tin</span> <span class='ocrx_word' id='word_1_383' title='bbox 453 4189 621 4258; x_wconf 75' lang='lat' dir='ltr'>Arimaspos</span> <span class='ocrx_word' id='word_1_384' title='bbox 638 4191 666 4245; x_wconf 94' lang='lat' dir='ltr'>in</span> <span class='ocrx_word' id='word_1_385' title='bbox 717 4189 837 4245; x_wconf 89' lang='lat' dir='ltr'>haltsort</span> <span class='ocrx_word' id='word_1_386' title='bbox 860 4191 907 4246; x_wconf 88' lang='lat' dir='ltr'>des</span> <span class='ocrx_word' id='word_1_387' title='bbox 924 4190 1020 4247; x_wconf 84' lang='lat' dir='ltr'>[larius</span> <span class='ocrx_word' id='word_1_388' title='bbox 1037 4192 1114 4248; x_wconf 86' lang='lat' dir='ltr'>nieht</span> <span class='ocrx_word' id='word_1_389' title='bbox 1135 4194 1170 4258; x_wconf 83' lang='grc'>(6.</span> <span class='ocrx_word' id='word_1_390' title='bbox 1189 4195 1221 4258; x_wconf 82' lang='grc'>5).</span> <span class='ocrx_word' id='word_1_391' title='bbox 1245 4222 1278 4233; x_wconf 89' lang='grc'><strong>-</strong></span> 
     </span>
     <span class='ocr_line' id='line_1_47' title="bbox 111 4254 1276 4326; baseline 0.008 -18"><span class='ocrx_word' id='word_1_392' title='bbox 111 4255 233 4320; x_wconf 86' lang='lat' dir='ltr'>gleicher</span> <span class='ocrx_word' id='word_1_393' title='bbox 261 4254 450 4324; x_wconf 82' lang='lat' dir='ltr'>Verbindung;</span> <span class='ocrx_word' id='word_1_394' title='bbox 485 4258 595 4313; x_wconf 74' lang='lat' dir='ltr'>alrulich</span> <span class='ocrx_word' id='word_1_395' title='bbox 629 4259 668 4313; x_wconf 88' lang='lat' dir='ltr'>ad</span> <span class='ocrx_word' id='word_1_396' title='bbox 718 4257 1186 4326; x_wconf 56' lang='lat' dir='ltr'>Babyloniamsltintsera.</span> <span class='ocrx_word' id='word_1_397' title='bbox 1209 4260 1276 4317; x_wconf 87' lang='lat' dir='ltr'>lliu-</span> 
     </span>
     <span class='ocr_line' id='line_1_48' title="bbox 44 4321 1279 4405; baseline 0.009 -30"><span class='ocrx_word' id='word_1_398' title='bbox 44 4338 59 4369; x_wconf 95' lang='lat'>·.·</span> <span class='ocrx_word' id='word_1_399' title='bbox 77 4396 81 4405; x_wconf 33' lang='lat'><strong>¹</strong></span> <span class='ocrx_word' id='word_1_400' title='bbox 107 4321 436 4389; x_wconf 74' lang='lat' dir='ltr'>.Eu1›rrr.castramcair,</span> <span class='ocrx_word' id='word_1_401' title='bbox 450 4328 474 4382; x_wconf 85' lang='lat'>3.</span> <span class='ocrx_word' id='word_1_402' title='bbox 487 4330 511 4381; x_wconf 83' lang='lat'>3.</span> <span class='ocrx_word' id='word_1_403' title='bbox 524 4330 547 4382; x_wconf 79' lang='lat'>7.</span> <span class='ocrx_word' id='word_1_404' title='bbox 718 4333 761 4381; x_wconf 89' lang='lat' dir='ltr'>ter</span> <span class='ocrx_word' id='word_1_405' title='bbox 772 4326 784 4379; x_wconf 80' lang='lat' dir='ltr'>i</span> <span class='ocrx_word' id='word_1_406' title='bbox 789 4327 863 4381; x_wconf 81' lang='lat' dir='ltr'>ueri</span> <span class='ocrx_word' id='word_1_407' title='bbox 868 4332 879 4379; x_wconf 89' lang='lat' dir='ltr'>t</span> <span class='ocrx_word' id='word_1_408' title='bbox 891 4325 927 4380; x_wconf 91' lang='lat' dir='ltr'>ist</span> <span class='ocrx_word' id='word_1_409' title='bbox 940 4327 1000 4383; x_wconf 87' lang='lat' dir='ltr'>eine</span> <span class='ocrx_word' id='word_1_410' title='bbox 1011 4326 1099 4384; x_wconf 90' lang='lat' dir='ltr'>Panse</span> <span class='ocrx_word' id='word_1_411' title='bbox 1109 4329 1279 4386; x_wconf 85' lang='lat' dir='ltr'>zumachen.</span> 
     </span>
    </p>
   </div>
   <div class='ocr_carea' id='block_1_8' title="bbox 0 0 1380 4776">
    <p class='ocr_par' dir='ltr' id='par_1_17' title="bbox 0 0 1380 4776">
     <span class='ocr_line' id='line_1_49' title="bbox 0 0 1380 4776; baseline 0 1"><span class='ocrx_word' id='word_1_412' title='bbox 0 0 1380 4776; x_wconf 95' lang='lat' dir='ltr'> </span> 
     </span>
    </p>
   </div>
  </div>
 </body>
</html>
