2752 4776
314 259 553 310 nrsronranuu
574 262 779 311 xnnnnnnr
801 263 854 329 vr,
878 261 918 311 ao.
939 260 980 313 11.
1184 249 1226 315 43

57 435 118 499 que
131 434 221 497 ,unus
242 437 259 479 e
281 419 536 479 circumstantium
557 418 645 479 turha
668 417 873 489 exclamasset,
903 419 1003 481 ‘Rene
1031 421 1144 482 meritis
1167 440 1225 482 non

56 501 229 564 insidiaril'
252 501 398 573 Philotas,
423 501 548 570 ‘Recte',
572 504 683 580 inquit,
707 504 856 581 ‘quisquis
879 522 924 573 es,
948 504 1031 565 diois.
1077 507 1178 586 ltaque
1200 508 1226 567 si
1243 516 1277 565 37

55 587 218 649 insidiatus
240 605 316 658 sum,
338 603 465 665 poenam
488 605 548 648 non
572 586 716 667 deprecor
740 597 769 648 et
790 589 879 649 linem
902 588 978 649 laclo
1000 589 1127 665 dicendi,
1152 607 1225 668 quo-

57 675 138 735 niam
167 670 273 733 ultima
301 671 390 733 verba
417 673 517 749 gravia
545 681 616 733 sunt
641 675 704 733 risa
732 673 877 734 auribus’.
927 673 1091 735 Abducitur
1119 674 1226 737 deinde

59 756 98 817 ab
118 758 166 826 iis,
191 759 242 835 qui
265 754 470 817 custodiebant
493 774 571 817 eum.

569 923 645 985 Car.
669 925 718 987 Xl.

10 1042 47 1109 ss
143 1043 217 1105 Erat
239 1047 318 1107 inter
346 1042 436 1105 duces
455 1061 544 1103 manu
566 1052 704 1105 strenuus
727 1043 820 1105 Rolon
843 1046 977 1124 quidam,
1007 1048 1089 1124 pacis
1117 1047 1259 1107 artiumt

60 1137 90 1191 et
111 1127 205 1191 civilis
226 1126 344 1189 babitus
366 1127 465 1198 rudis,
488 1136 572 1190 vetus
594 1127 693 1198 miles,
717 1128 753 1189 ab
769 1128 875 1191 humili
890 1130 993 1190 ordine
1016 1130 1052 1189 ad
1076 1148 1144 1190 eum
1158 1147 1225 1208 gra-

59 1213 146 1284 dum,
163 1215 209 1274 'in
231 1232 290 1293 quo
312 1221 383 1275 tuno
411 1222 488 1282 erat,
518 1221 685 1291 promotus:
715 1215 766 1293 qui
793 1214 960 1275 tacentibus
987 1217 1096 1275 ceteris
1118 1213 1259 1275 stolidae

57 1298 183 1360 audacia
204 1299 290 1359 ferox
312 1295 472 1357 admonere
495 1315 546 1356 eos
574 1300 684 1374 coepit,
715 1301 852 1375 quotiens
880 1301 941 1360 suis
969 1300 1102 1379 quisque.
1123 1298 1226 1359 dever·
1336 1378 1340 1383 ¹

10 1424 16 1467 ·.
57 1384 154 1452 sorba,
178 1400 255 1463 quae
278 1388 486 1461 occupassent,
509 1381 702 1461 proturbatus
724 1391 817 1453 esset,
843 1392 878 1445 ut
903 1392 1097 1464 purgamenta
1127 1401 1226 1444 serro-

55 1486 126 1530 rum
141 1465 276 1529 Philotae
291 1468 497 1545 reciperentur
519 1484 570 1537 eo,
593 1467 672 1527 unde
688 1467 904 1530 commilitones
919 1467 1109 1549 expulissent.
1146 1469 1225 1530 Auro
1243 1478 1260 1527 3

55 1558 243 1632 argentoque
264 1549 397 1613 vehicula
420 1553 484 1611 eius
506 1561 610 1612 onusta
632 1554 703 1613 totis
725 1553 796 1614 vicis
825 1556 942 1614 stetisse
970 1571 1004 1615 ae
1032 1571 1070 1614 ne
1097 1554 1128 1612 in
1157 1554 1226 1615 viei-

10 1634 15 1673 '·
54 1639 137 1699 niam
166 1634 286 1714 quidem
315 1636 478 1697 deversorii
505 1653 682 1715 quemquam
710 1637 946 1699 commilitonum
973 1645 1128 1716 receptum
1150 1656 1225 1707 esse,

48 1721 110 1785 sed
138 1739 195 1800 per
223 1719 396 1799 dispositos,
425 1738 500 1800 quos
527 1738 618 1799 supra
645 1739 781 1782 somnum
809 1719 949 1791 babebat,
986 1740 1089 1784 omnes
1121 1721 1226 1802 procul

55 1805 223 1885 relegatos,
252 1822 291 1865 ne
318 1806 429 1865 femina
455 1803 506 1865 illa
534 1807 782 1866 murmurantium
816 1809 895 1867 inter
922 1824 955 1867 se
982 1805 1100 1867 silentio
1128 1809 1226 1868 verius

55 1908 150 1971 quam
170 1907 244 1952 sono
267 1891 456 1950 excitaretur.
499 1888 642 1950 Ludibrio
666 1892 694 1950 ei
717 1891 809 1952 luisse
830 1892 960 1951 rusticos
980 1889 1117 1951 homines
1133 1890 1225 1972 Phry·
1243 1901 1260 1948 4

57 1991 171 2053 gasque
195 1981 225 2035 et
251 1973 456 2054 Paphlagonas
486 1972 662 2054 appellatos,
694 1975 746 2053 qui
779 1992 839 2035 non
869 1973 1074 2044 erubesceret,
1104 1975 1225 2035 Macedo

56 2067 164 2130 natus,
191 2057 330 2121 homines
355 2058 474 2136 linguae
504 2075 576 2120 suae
605 2076 659 2138 per
686 2060 883 2137 interpretem
905 2058 1021 2120 audire.
1065 2058 1150 2120 Nunc
1173 2069 1260 2119 cur5

56 2145 254 2207 Hammonem
288 2140 402 2204 consuli
434 2141 541 2203 vellet?
580 2142 707 2204 eundem
743 2143 818 2204 loris
858 2146 991 2222 arguisse
1027 2142 1223 2213 mendacium,

57 2228 260 2292 Alexandrum
286 2227 379 2289 lilium
406 2226 628 2306 adgnoscentis,
662 2225 777 2289 scilieet
803 2230 945 2297 veritum,
979 2246 1016 2289 ne
1048 2227 1225 2290 invidiosum

61 2320 150 2384 esset,
175 2311 253 2391 quod
276 2312 317 2373 dii
339 2312 490 2373 offerrent.
534 2313 608 2374 Cum
630 2310 823 2374 insidiaretur
851 2315 940 2392 capiti
969 2313 1047 2391 regis
1075 2313 1259 2383 elamitis

60 2414 119 2460 non
141 2395 328 2459 consuluisse
350 2414 418 2458 eum
441 2396 558 2458 lovem:
581 2414 661 2459 nunc
676 2397 713 2458 ad
729 2397 881 2459 oraculum
904 2399 1031 2466 mittere,
1055 2397 1126 2459 dum
1141 2407 1226 2478 pater

59 2483 125 2545 elus
146 2480 336 2551 sollicitetur,
365 2483 417 2560 qul
438 2484 551 2558 praesit
571 2482 603 2542 in
626 2481 735 2552 hledia,
765 2491 794 2542 et
815 2484 955 2560 pecunia,
986 2484 1070 2545 ouius
1092 2483 1225 2544 costodia

59 2570 89 2629 εἰ
109 2569 269 2629 commissa
290 2569 344 2640 sit,
374 2565 506 2645 perditos
533 2567 669 2627 homines
691 2566 727 2628 ad
755 2569 926 2628 societatem
948 2565 1070 2627 sceleris
1091 2565 1224 2646 inpellat.

271 2800 334 2852 (iae.
352 2801 399 2851 XI.

95 2908 121 2960 1.
144 2902 265 2958 Belou.
301 2899 477 2958 Unbelrannte
499 2901 615 2957 Persdn·

55 2969 181 3029 liebheit.
218 2997 246 3007 —
307 2971 381 3024 acis
406 2971 534 3025 artium
564 2977 615 3025 eto.

57 3036 236 3096 llebersetze:
250 2986 353 3092 ‘chere
365 3035 484 3105 Bildnng
495 3037 552 3093 und
564 3036 616 3092 lei-

55 3121 125 3163 nere
143 3105 291 3185 Gesittung
308 3103 466 3161 iriedlieber
483 3103 614 3172 Burger’r

56 3181 140 3231 unes
165 3195 199 3216 ==
224 3189 326 3239 eportet
357 3172 395 3228 ist
423 3171 465 3228 oli
491 3171 616 3228 ziemlich

56 3256 197 3310 synonym
214 3241 264 3296 mit
282 3254 383 3302 mores,
401 3237 455 3306 rgl.
474 3239 539 3296 Sall.
554 3239 617 3307 lug.

56 3313 91 3363 85
107 3311 249 3365 deitatem
267 3310 392 3364 retinere
414 3310 445 3362 a'u
465 3308 546 3363 bouis
569 3325 617 3363 ur·

57 3376 135 3433 tibus
152 3393 182 3434 u.
196 3375 435 3432 mendositatem
447 3376 566 3431 artibus.
583 3404 617 3413 —

55 3449 253 3512 promotus,
271 3441 497 3504 ‘belordert’,
515 3443 544 3497 in
561 3442 617 3497 die·

56 3527 116 3569 sem
142 3511 227 3568 Sinne
253 3509 454 3566 nacholassisch
485 3507 531 3564 hir
557 3515 616 3565 tra-

55 3580 162 3636 ductus
186 3577 296 3646 (Caes),
322 3578 493 3645 productus,
514 3593 616 3645 proue-

55 3653 124 3704 ctus
142 3645 229 3716 (Cic).
557 3711 563 3724 .

95 3719 121 3768 2.
145 3729 230 3782 puae
254 3718 499 3780 occupassent.
536 3710 615 3768 Sum:

56 3783 102 3839 die
126 3782 211 3838 ibnen
234 3781 310 3836 nicht
333 3780 414 3837 allein
440 3779 617 3848 zugewiesen

55 3866 167 3913 waren,
192 3848 311 3906 sondern
333 3864 387 3903 von
405 3848 493 3904 denen
511 3848 551 3903 sie
569 3846 616 3903 be·

55 3919 126 3974 reita
161 3916 251 3973 Besitz
286 3914 414 3981 ergrillen
445 3915 548 3971 hatten.
582 3943 616 3953 -

53 3989 466 4120 attemperata
484 3983 615 4117 batt:

56 4127 154 4178 menta
171 4143 205 4164 =
228 4117 417 4176 ‘Auswurl’
435 4118 473 4173 im
490 4118 615 4173 dbcrtra·

77 4204 149 4245 enen
167 4187 249 4243 Sinnc
267 4187 304 4242 ist
322 4185 532 4241 nachclassiscb.
568 4184 616 4240 net

57 4204 215 4312 hassikem
233 4254 328 4311 dabir:
344 4252 426 4320 faex,
445 4255 567 4310 sentina.

54 4396 58 4401 .
90 4330 117 4380 3,
136 4325 218 4380 tota's
236 4325 367 4379 uicis==
380 4319 615 4388 ‘ganzeStrassen

667 2765 798 2834 entlang’.
816 2794 849 2803 -
867 2781 977 2834 supra
994 2781 1146 2821 somnum
1164 2785 1187 2822 s.
1201 2770 1224 2819 7.

667 2838 708 2889 22.
734 2861 768 2870 -
796 2836 1099 2896 murmurantium,
1117 2834 1225 2889 schwa-

669 2901 735 2956 cber
757 2899 797 2956 als
814 2901 1010 2969 frementium,
1030 2904 1225 2969 strepentium,

666 2967 828 3024 bezeichnet
853 2968 906 3024 den
933 2968 1065 3038 dumplcn
1092 2969 1149 3026 'lon
1177 2969 1224 3026 des

668 3032 818 3092 Gelldsters
859 3037 935 3093 einer
980 3037 1047 3093 leise
1087 3036 1226 3093 redenden

666 3103 770 3171 blenge.
784 3133 817 3142 -
833 3105 980 3161 silentio
998 3108 1226 3174 ueriuspuam

668 3187 764 3235 sono,
794 3171 854 3228 eine
882 3173 1040 3230 manierirte
1069 3173 1225 3242 Weudung,

667 3239 863 3360 {glipngmma
886 3243 985 3298 uerius
1011 3258 1094 3308 paam
1112 3241 1225 3298 auxilia

701 3404 726 3455 4.
747 3381 906 3482 rusticos
923 3401 1085 3481 homiues.
1107 3400 1155 3457 Als
1168 3402 1225 3457 sol·

668 3467 719 3524 che
741 3466 917 3549 bezeichneto
938 3468 1007 3548 lfhrl.
1031 3484 1106 3524 seme
1123 3467 1225 3524 Lando-

668 3534 751 3615 leute.
786 3536 833 3590 lhe
851 3535 907 3592 Phr
928 3551 988 3603 gter
1004 3535 1061 3590 und
1072 3534 1225 3602 Paphlago·

667 3602 855 3727 fflleurmffagcgr
890 3620 930 3658 as
969 3602 1134 3658 beschranlrt
1168 3603 1225 3659 und

780 3688 793 3726 r
821 3689 856 3726 s.

707 3768 731 3818 5.
758 3764 979 3819 inuidiosum.
1015 3760 1069 3816 Zur
1091 3762 1177 3818 Saohe
1203 3781 1224 3820 s.

667 3834 755 3894 9.18;
776 3835 815 3886 10.
833 3834 879 3893 26;
904 3829 1012 3885 scilicet
1034 3829 1071 3884 ist
1088 3830 1223 3893 ironiscb;

667 3899 717 3954 der
734 3898 871 3966 Sprecher
888 3897 981 3965 melnt,
998 3895 1068 3951 Phil.
1080 3896 1149 3952 habe
1166 3897 1224 3953 die·

667 3983 711 4022 ses
729 3965 811 4020 llotlv
829 3981 883 4020 nur
900 3962 1068 4019 erbeuebelt.

705 4053 730 4101 6.
751 4051 906 4113 mittere,
933 4048 967 4104 de
985 4056 1085 4105 conatu
1107 4049 1161 4105 wie
1177 4050 1224 4117 fa·
1297 4046 1299 4051 ’

666 4116 773 4172 aiebam
791 4121 831 4171 10.
849 4120 924 4171 tiu.
942 4119 968 4172 ὃ.
986 4149 1020 4158 -
1035 4119 1172 4183 praesit
1190 4120 1225 4173 iu

666 4184 790 4240 Media.
818 4184 855 4240 So
873 4199 957 4251 sagon
975 4184 1045 4238 auch
1064 4182 1117 4240 Cio.
1130 4201 1157 4241 u.
1169 4183 1225 4240 biv.

668 4253 739 4333 ohne
751 4251 827 4307 hativ
837 4267 976 4320 praeesse
992 4254 1023 4306 iu
1035 4252 1129 4320 aliqua
1142 4253 1222 4319 urbe,

667 4336 789 4387 remoue.
