2752 4776
180 226 241 291 146
635 237 669 297 o.
692 236 795 287 cunrr
817 236 900 285 aum

130 414 162 464 16
180 397 274 467 Quem
299 403 332 454 nt
353 392 468 456 Charus
501 396 648 453 iacentem
678 392 848 471 conspexit,
882 408 973 453 ruere
1006 394 1039 454 in
1072 390 1189 453 bostem
1215 394 1323 455 omnim

180 488 298 559 practer
313 476 458 539 ultionem
474 480 631 537 immemor
654 476 753 555 coepit
773 473 942 555 multosque
964 475 1063 545 basta,
1087 476 1229 553 quosdam
1248 475 1321 554 gladio
1351 469 1367 538 i.

179 565 344 625 interemit:
369 562 422 623 sed
445 579 514 623 eum
536 568 580 621 tot
601 578 693 621 unum
715 561 902 622 incesserent
923 576 1044 630 manus,
1066 578 1160 639 super
1181 560 1321 621 amicicor·
1347 552 1366 631 ,¹

129 666 234 728 1rpus
255 645 416 726 procubuit
438 645 590 705 exanimis.
634 643 718 705 Haud
740 660 841 713 secus,
872 660 960 722 quam
983 661 1039 722 par
1061 650 1141 712 erat,
1164 644 1322 724 promptissi-
1362 685 1367 696 ·

178 750 296 793 morum
310 733 451 792 iuvenum
467 736 695 806 ceterorumque
709 726 838 789 militnm
853 727 975 788 interitu
986 735 1155 789 commotus
1169 746 1222 790 rex
1232 730 1324 807 signum
1363 717 1367 730 '

129 832 160 883 ιε
178 816 313 893 receptui
336 815 426 876 dedit.
465 811 558 874 Saluti
580 812 651 881 luit,
675 810 754 891 quod
777 813 887 873 sensim
904 820 935 873 et
956 812 1099 891 intrepidi
1120 830 1154 873 se
1172 821 1325 891 receperunt

179 911 209 963 et
242 898 363 961 barbari
396 897 510 959 bostem
544 895 694 975 depulisse
730 898 863 957 contenti
897 913 957 956 non
990 896 1129 957 institere
1164 894 1325 959 cedentibus

128 1002 160 1051 re
178 987 317 1048 Ceterum
332 982 500 1043 Alexander
514 999 582 1041 cum
599 980 752 1041 statuisset
772 980 917 1041 desistere
937 982 1057 1057 incepto
1073 1014 1114 1024 -
1136 982 1245 1061 quippe
1261 978 1345 1043 ndat

177 1088 246 1150 spes
279 1066 439 1150 potiundae
471 1073 575 1144 petrae
606 1063 789 1127 offerebatur
812 1098 851 1107 -
876 1071 975 1125 tamen
1002 1064 1136 1143 speeiem
1162 1064 1280 1127 ostendit
1300 1066 1327 1124 ln

178 1154 332 1216 obsidione
359 1150 586 1229 perseverantis.
631 1147 704 1208 llam
733 1154 764 1208 et
784 1146 891 1209 itinera
918 1146 1050 1209 obsideri
1077 1148 1166 1211 iussit
1194 1156 1224 1209 et
1245 1158 1327 1211 turres

126 1253 160 1303 ‘ro
177 1236 329 1301 admoveri
344 1244 373 1296 et
394 1235 525 1310 fatigatis
547 1231 620 1293 alios
635 1229 807 1294 succedere.
846 1232 935 1293 Cuius
956 1233 1123 1309 pertinacia
1143 1234 1260 1311 cognita
1276 1231 1328 1293 lndi
1362 1281 1366 1302 .

178 1340 232 1402 por
255 1320 377 1380 biduum
399 1316 519 1397 quidem
541 1335 575 1378 ae
604 1315 677 1377 duas
699 1325 803 1376 noctes
825 1334 893 1377 cum
915 1317 1115 1378 ostentatione
1136 1335 1200 1378 non
1226 1316 1329 1379 fiduciae

177 1404 281 1473 modo,
305 1402 358 1465 sed
382 1404 471 1461 etiam
498 1400 655 1469 victoriae,
691 1398 803 1479 epulati
824 1406 907 1469 sunt,
938 1406 1076 1479 tympana
1099 1418 1156 1462 suo
1178 1419 1261 1463 moro
1277 1398 1330 1481 pnl-

127 1506 158 1553 21
178 1497 286 1549 santes.
331 1486 431 1545 Tertia
452 1502 523 1545 vero
552 1492 641 1544 nocte
669 1493 879 1563 tympanorum
901 1484 1023 1565 quidem
1046 1488 1194 1564 strepitus
1222 1485 1333 1547 desierat

178 1572 289 1645 audiri,
316 1578 451 1631 ceterum
474 1585 509 1629 ex
532 1577 591 1629 tota
614 1576 699 1648 petro
721 1570 802 1630 iaces
823 1567 1024 1646 refulgebant,
1053 1586 1128 1648 quas
1149 1569 1334 1631 accenderant

182 1654 317 1724 barbari,
352 1660 385 1714 ut
414 1653 504 1713 tutior
534 1661 612 1714 esset
640 1654 712 1731 ipsis
740 1654 810 1729 iuga
839 1651 967 1714 obseura
988 1658 1077 1714 noete
1103 1670 1159 1733 per
1181 1653 1260 1715 invia
1278 1669 1335 1715 sart

127 1754 160 1803 aa
179 1739 320 1802 cursoris.
377 1737 440 1798 Rex
472 1733 613 1807 Balacro,
650 1738 702 1815 qui
735 1733 957 1815 specularetur,
995 1738 1164 1814 praemisso
1199 1738 1334 1815 cognoscit

177 1833 294 1905 petram
316 1823 385 1900 luga
408 1820 549 1882 indorum
572 1839 637 1881 esse
653 1821 811 1919 desertam.
850 1820 926 1881 'l'um
950 1821 1018 1882 dato
1040 1821 1140 1899 signo,
1163 1829 1198 1882 ut
1219 1822 1334 1883 universi

127 1924 160 1973 ‘23
178 1907 415 1975 conclamarent,
449 1906 634 1984 inconposite
666 1903 847 1982 fugientibus
875 1913 989 1966 metum
1015 1907 1156 1967 incussit:
1192 1904 1334 1985 multique,

179 2006 328 2070 tamqnam
359 1991 477 2053 adesset
509 1989 616 2057 hostis,
654 2005 710 2066 per
742 1987 857 2050 lubrica
891 2007 960 2050 saxa
993 2007 1109 2069 perque
1138 1990 1236 2051 invias
1265 1998 1335 2051 cotes

177 2076 365 2158 praecipitati
396 2074 584 2143 occiderunt,
618 2069 721 2151 plures
748 2071 845 2150 aliqua
873 2073 1078 2135 membrorum
1113 2081 1201 2151 parte
1226 2072 1334 2136 mulcati

126 2176 159 2223 24
178 2162 215 2222 ab
238 2161 362 2238 integris
384 2158 493 2219 deserti
516 2164 593 2218 sunt.
636 2156 700 2216 Rex
721 2156 856 2218 locorum
878 2159 973 2235 magis
994 2175 1082 2237 quam
1106 2158 1239 2219 bostium
1253 2158 1335 2219 victor

176 2257 277 2305 tamen
305 2259 429 2319 magnae
462 2242 602 2301 victoriae
629 2244 758 2315 speeiem
786 2242 941 2302 sacrificiis
966 2250 996 2302 et
1027 2240 1109 2303 cultu
1143 2242 1234 2303 deum
1265 2242 1335 2303 iecit

124 2344 159 2391 eo
176 2331 254 2389 Arae
277 2329 307 2386 in
330 2334 415 2406 petra
438 2324 550 2385 locatae
572 2331 642 2385 sunt
655 2324 803 2385 blinervae
818 2325 1034 2404 victoriaeque.
1073 2325 1209 2387 Ducibus
1222 2326 1333 2393 itineris

177 2431 236 2493 qno
262 2409 365 2471 subire
387 2410 513 2469 iusserat
540 2408 643 2469 leviter
672 2417 815 2479 armatos,
846 2409 902 2471 etsi
929 2410 1085 2487 promissis
1112 2411 1230 2471 minora
1259 2426 1333 2488 prae·

177 2497 330 2563 stiterant,
362 2496 491 2572 pretium
519 2511 586 2553 cum
615 2491 674 2551 fide
701 2492 850 2554 redditum
880 2501 937 2555 est:
966 2500 1070 2572 petrae
1101 2493 1331 2573 regionisqueci

178 2581 334 2643 adiunctae
357 2578 507 2638 Sisocosto
530 2575 620 2637 tutela
641 2579 796 2655 permissa.

677 2743 753 2805 Gne.
777 2743 839 2805 Xll.

124 2884 156 2935 ¹1
260 2864 333 2925 lnde
365 2863 512 2943 processit
534 2860 684 2923 Ecbolima
713 2870 757 2932 et,
791 2880 859 2923 cum
892 2864 1041 2942 angustias
1069 2865 1185 2926 itineris
1214 2862 1328 2925 obsideri

175 2972 217 3011 xx
239 2947 359 3009 milibus
382 2956 563 3009 armatorum
579 2946 616 3007 ab
632 2946 720 3007 Erice
741 2945 869 3026 quodam
884 2950 1082 3027 conperisset,
1106 2951 1224 3026 gravius
1238 2961 1328 3026 agmen

143 3048 158 3095 a
178 3034 324 3093 exereitus
339 3031 439 3092 Coeno
455 3031 621 3092 ducendum
637 3030 762 3092 modicis
776 3030 935 3093 itineribus
949 3032 1084 3094 tradidit:
1108 3035 1173 3111 ipse
1189 3046 1327 3113 praegres·

177 3135 226 3177 sus
243 3133 304 3192 per
326 3114 492 3176 funditores
507 3132 542 3175 ac
563 3116 730 3191 sagittarios
748 3115 928 3184 deturbatis,
951 3117 1002 3195 qui
1024 3115 1205 3178 obsederant
1226 3116 1326 3181 saltum,

174 3298 295 3354 telorum
305 3296 503 3362 bominumque
514 3298 545 3350 in
559 3311 623 3351 eum
635 3297 734 3363 inpru—
785 3326 819 3335 —
836 3299 986 3364 speciem
1003 3336 1049 3354 ...
1067 3299 1169 3365 fecit,
1190 3300 1243 3354 wie
1256 3303 1326 3353 uuleo

175 3368 294 3427 entium
330 3362 470 3419 vielleicbt
504 3362 541 3418 ist
575 3363 655 3419 telis
684 3381 734 3419 vor
787 3367 1042 3428 1t.t;1a.8;14.
1066 3370 1107 3422 13.
1149 3365 1206 3434 l'gl
1230 3364 1325 3420 anclt.
1368 3411 1372 3436 ,

176 3434 299 3501 condique
320 3429 498 3497 ansgelallen.
786 3436 826 3489 10.
857 3436 889 3484 10
914 3436 1036 3499 speciem
1070 3437 1166 3502 moeni
1194 3433 1325 3489 exercitur
1367 3437 1372 3508 p

210 3522 250 3570 17.
263 3515 524 3572 taunsecus„,
537 3521 621 3572 erat,
644 3514 733 3571 Eheu.
783 3499 926 3565 fecerant.
944 3528 978 3537 -
995 3505 1028 3556 et
1044 3501 1157 3560 cultu.-
1179 3508 1208 3558 et
1223 3522 1255 3543 =
1271 3492 1325 3552 ‘md
1368 3529 1372 3540 ·

174 3603 206 3642 so
224 3588 291 3641 aa.
309 3586 323 3634 1
343 3599 369 3638 u.
388 3584 412 3637 o.
784 3566 952 3634 uberhaupt,
979 3566 1036 3623 und
1065 3569 1200 3636 sonstig’,
1229 3565 1278 3635 agl.
1305 3564 1325 3615 6.
1370 3587 1372 3654 3

209 3674 250 3723 18.
268 3669 431 3724 contenti.
468 3664 554 3723 Uober
580 3667 632 3723 don
656 3666 730 3723 infin.
784 3638 886 3691 ¹1·²⁹·
948 3721 954 3732 ,

177 3756 198 3791 s.
217 3741 241 3791 4.
264 3741 304 3792 10.
325 3739 364 3791 15.
775 3776 781 3784 ,
816 3717 1325 3798 rasubzrmvgl.prepotentes.

208 3807 247 3857 21.
267 3804 423 3858 desierat
440 3801 487 3857 iirr
502 3803 612 3858 desitus
627 3808 692 3856 eret
710 3818 732 3857 s.
782 3812 815 3823 ·“
833 3782 1014 3843 3130603ῖο
1031 3809 1065 3830 =
1088 3784 1325 3855 2²⁶2½011190Aff=

173 3870 240 3926 Einl.
258 3868 276 3938 8
293 3873 326 3922 33
342 3869 420 3925 dnm.
449 3868 509 3937 Vgl.
526 3870 610 3925 desiit
627 3871 734 3924 moveri
783 3856 808 3908 4·
826 3856 868 3908 30,
1079 3922 1083 3927 ⁸

174 3937 293 4003 (mediall
315 3935 359 3992 bei
377 3935 481 3993 Cicero.
611 4003 617 4015 ι
988 3972 1045 4024 cst
1070 3972 1126 4024 ΧΠ

206 4009 248 4061 22.
274 4004 441 4065 Balacro,
472 4003 654 4059 vermutblrclr
681 4003 730 4059 der
1046 4012 1052 4023 ·
1126 4013 1133 4029 ·

172 4071 312 4127 Anldhrer
332 4072 381 4127 der
397 4070 612 4127 Wurisebtitzen
634 4065 730 4143 (cinon
816 4075 840 4127 1.
857 4064 1259 4138 Ecbolima=’Epp,;2,pu‚
1275 4068 1324 4121 pff,
1367 4069 1373 4132 p

172 4138 290 4204 ararat),
309 4156 331 4193 s·
348 4138 409 4195 Art·
426 4142 450 4194 4.
468 4143 571 4195 4.6ιι.
590 4154 642 4193 arv.
780 4140 804 4193 4.
823 4141 910 4192 28.-
932 4138 1048 4195 Erice.
1085 4138 1188 4195 liiodor
1224 4140 1261 4193 17,
1281 4128 1324 4197 et),
1367 4139 1373 4190 '.

207 4210 249 4261 24.
275 4207 443 4284 locorum,
473 4206 544 4261 denn
573 4222 627 4261 nur
656 4206 731 4262 dicse
781 4205 830 4261 der
852 4203 922 4261 tiber
944 4207 1003 4262 sein
1024 4204 1099 4261 Ende
1127 4206 1174 4261 das
1224 4199 1323 4260 antido
1370 4195 1373 4256 l

172 4272 269 4328 bolam
287 4288 317 4328 er
335 4272 461 4329 wrrkliclr
480 4274 508 4328 in
525 4274 600 4328 aeine
616 4272 730 4328 Gewalt.
781 4270 930 4337 berielrtet‚
949 4282 1035 4329 nennt
1052 4272 1100 4328 ilrn
1115 4266 1253 4341 Ἆφρίκης.
