2752 4776
115 242 177 305 174
565 242 598 305 Q.
618 240 730 293 cunm
746 242 836 295 RUFI

80 413 205 491 opotiri
228 413 409 491 contigisset.
461 410 514 472 niu
543 409 679 472 omnibus
701 411 836 490 cogitatis
863 410 976 491 placuit
1002 429 1056 492 per
1078 409 1188 473 milites
1209 412 1277 473 liae

115 496 227 558 trianos
249 496 284 558 ad
307 513 396 558 omne
418 494 591 575 obsequium
615 495 777 557 destinatos
799 512 900 574 regem
923 494 1171 576 conprehendere
1192 498 1278 559 mitti·

113 597 172 658 que
194 582 330 643 nuntium
358 580 395 642 ad
416 577 632 650 Alexandrum,
660 579 712 660 qui
737 580 883 643 indicaret
904 581 1001 641 vivum
1027 579 1180 642 adservari
1198 597 1278 643 eum:

78 666 154 735 osi,
183 664 213 725 id
235 664 316 746 quod
339 664 496 735 timebant,
523 665 724 743 proditionem
753 674 928 745 aspernatus
949 672 1041 736 esset,
1070 664 1202 727 occisuri
1227 664 1277 727 lla·

79 762 200 811 rreum
223 759 252 811 et
273 749 379 811 Bactra
394 766 461 810 cum
485 766 605 810 suarum
627 749 759 827 gentium
776 766 865 811 manu
887 750 1019 830 petituri.
1056 747 1199 811 Ceterum
1212 766 1277 829 pro·

112 833 209 912 palam
232 833 437 913 conprehendi
459 832 570 894 Dareus
584 850 644 893 non
666 840 783 912 poterat
804 841 847 894 tot
862 833 1019 895 Persarum
1041 829 1161 895 mdibus
1181 832 1277 895 laturis

78 928 201 997 copem
223 920 301 997 regi:
354 922 536 981 Graecorum
565 934 685 998 quoque
705 917 779 979 tides
808 917 977 980 timebatur.
1025 917 1128 996 ltaque
1156 916 1276 998 quodsi

112 1019 172 1064 nou
194 1011 348 1081 poterant,
372 1001 476 1064 lraude
492 1002 613 1077 adsequi
636 1009 794 1079 temptant:
817 1002 1028 1080 paenitentiam
1044 1002 1221 1065 secessionis
1239 1003 1270 1065 si·

111 1085 227 1149 mulare
249 1087 444 1149 decreverant
458 1093 488 1147 et
508 1102 652 1147 excusare
673 1086 753 1166 apud
775 1103 879 1164 regem
893 1087 1166 1148 consternationem
1188 1103 1272 1149 nnn.

77 1172 250 1243 ilnterim
275 1172 325 1250 qui
348 1170 453 1232 Persas
475 1167 683 1240 sollicitarent,
707 1172 873 1234 mittuntur.
919 1171 994 1233 llinc
1016 1187 1085 1249 spe,
1109 1169 1180 1233 binc
1201 1176 1273 1233 meu

111 1253 255 1316 militares
269 1255 384 1316 animos
399 1261 529 1316 versant:
552 1256 657 1316 ruinae
678 1272 779 1316 rerum
800 1253 930 1316 subdere
944 1246 1010 1316 illos
1026 1256 1140 1333 capita,
1162 1256 1193 1317 iu
1212 1271 1275 1335 per·
1301 1266 1305 1319 :

112 1339 220 1401 niciem
243 1338 335 1410 trahi,
358 1357 427 1401 cum
442 1339 548 1401 Bactra
570 1346 690 1419 pateant
710 1347 871 1419 exceptura
891 1357 947 1401 eos
966 1338 1054 1400 bouis
1068 1348 1099 1401 et
1118 1337 1270 1419 opulentis.
1299 1351 1308 1392 ’-

60 1431 93 1481 10
111 1422 217 1485 animis
244 1440 332 1502 quam
356 1425 514 1503 concipere
542 1440 602 1484 nnn
629 1423 752 1503 possint.
803 1424 883 1485 llaec
910 1423 1091 1502 agitantibus
1117 1392 1305 1486 Artabazus„

110 1509 282 1585 supervenit
307 1506 368 1569 siva
395 1509 475 1587 regis
501 1509 582 1569 iussu
611 1509 672 1568 sive
698 1526 752 1571 sua
779 1515 884 1588 sponte
912 1508 1087 1579 adfirmans,
1115 1510 1273 1587 mitigatum

110 1608 176 1652 esse
197 1590 326 1652 Dareum
349 1600 379 1654 et
401 1592 529 1654 eundem
551 1590 609 1654 illis
625 1593 772 1654 amicitiae
794 1592 919 1672 gradum
938 1600 1044 1670 patere
1065 1592 1145 1672 apud
1169 1608 1273 1673 repom.

59 1675 90 1722 11
110 1673 155 1735 llli
185 1675 371 1737 lacrimantes
393 1694 472 1738 nunc
499 1694 628 1756 purgare
649 1695 697 1748 se,
725 1692 806 1738 nnnc
827 1675 1004 1741 Artabazum
1026 1693 1131 1749 orare,
1160 1684 1195 1739 ut
1213 1694 1275 1739 cau·

60 1757 92 1805 12
110 1776 173 1820 sam
196 1761 329 1840 ipsorum
352 1767 485 1823 tueretur
508 1778 673 1841 precesque
696 1760 854 1839 perlerret.
899 1761 948 1822 Sic
969 1768 1090 1840 peracta
1114 1770 1204 1824 nocte
1224 1758 1275 1823 suh

110 1841 185 1905 lucis
213 1853 348 1906 exortum
377 1846 489 1907 Bessus
517 1854 548 1906 et
575 1844 764 1907 Nabarzanes
792 1863 858 1908 cum
886 1844 1051 1907 Bactrianis
1079 1843 1225 1908 militibus
1250 1845 1278 1905 in

110 1927 253 1990 restibulo
275 1931 418 2008 praetorii
440 1928 579 2000 aderant,
609 1929 725 1992 titulum
749 1927 901 1991 sollemnis
923 1929 1014 1991 ollicii
1035 1928 1154 1991 occulto
1177 1927 1280 1991 sceleri
1314 1980 1318 2005 ;

108 2013 322 2092 praeferentes.
367 2015 480 2077 Dareus
501 2015 587 2092 signo
609 2014 794 2075 adeundum
814 2012 883 2075 dato
904 2031 1025 2077 currum
1048 2013 1177 2092 pristino
1199 2030 1282 2077 more
1315 2022 1318 2027 '

57 2088 90 2137 13
109 2098 291 2179 eopscendit.
342 2096 529 2160 Nabarzanes
557 2099 708 2178 ceterique
735 2097 903 2178 parricidae
930 2096 1164 2178 procumbentes
1190 2097 1280 2167 humi,

110 2200 197 2261 quem
226 2181 314 2261 paulo
343 2190 410 2261 post
436 2184 468 2245 in
496 2181 618 2244 vinculis
646 2182 776 2245 habituri
804 2190 902 2253 erant,
937 2183 1108 2245 sustinuere
1136 2182 1284 2253 venerari,

110 2264 247 2326 lacrimas
270 2267 359 2327 etiam
382 2267 580 2346 paenitentiae
595 2267 711 2329 iudices
726 2267 937 2347 profuderunt:
961 2267 1035 2328 adeo
1051 2266 1285 2345 humanisinge·

56 2357 90 2406 14
109 2350 166 2409 uiis
188 2357 290 2428 parata
311 2349 458 2411 simulatio
487 2359 541 2412 est.
590 2350 699 2412 Preces
727 2350 833 2412 deinde
859 2349 1031 2431 suppliciter
1059 2350 1199 2415 admotae
1223 2348 1283 2413 lla·

109 2450 187 2505 euru,
204 2442 308 2495 natura
323 2433 487 2515 simplicem
501 2443 530 2495 et
542 2435 651 2506 mitem,
667 2452 727 2497 uon
739 2435 863 2497 credere
874 2434 973 2505 modo,
986 2452 1063 2515 quae
1074 2434 1285 2506 adfirmabant,

56 2526 90 2575 15
108 2518 160 2580 sed
182 2518 256 2580 llere
271 2518 359 2581 etiam
381 2524 554 2597 coegerunt.
586 2521 627 2581 Ao
650 2538 687 2581 ne
711 2528 772 2582 tum
795 2518 915 2597 quidem
939 2520 1057 2598 cogitati
1073 2518 1198 2582 sceleris
1211 2536 1284 2601 pae-

141 2703 670 2769 5.destinotos,‘entschlossen’,
722 2703 890 2759 babuerunt.
923 2702 971 2758 illit
986 2709 1087 2769 putere
1105 2699 1169 2758 talu
1186 2701 1217 2760 G.
1235 2719 1285 2761 aus

108 2770 218 2826 starker
230 2770 270 2826 als
280 2777 411 2838 puratos.
723 2770 784 2826 dem
801 2769 874 2834 llild;
892 2768 940 2826 das
957 2769 1088 2826 Ueblicbe
1103 2770 1141 2826 ist
1156 2771 1285 2837 aronam

142 2842 166 2893 6.
185 2840 343 2894 occisuri
416 2840 577 2906 petutiri.
600 2837 670 2894 'Em-
721 2843 829 2901 tenere,
842 2837 979 2894 obtinere.

109 2904 204 2959 weder
228 2905 265 2960 ist
287 2913 374 2961 erant
391 2922 425 2960 zu
443 2912 587 2973 erganzen
611 2921 668 2961 was
756 2908 796 2962 11.
837 2903 1010 2973 erserret,
1031 2905 1150 2962 ndmlich
1172 2905 1217 2961 nd
1235 2920 1283 2963 rc·

107 2971 169 3026 hier
182 2971 262 3026 lraum
275 2970 369 3028 iehlen
381 2971 495 3036 ltdnnte,
510 2973 577 3029 oder
590 2989 618 3028 es
632 2973 669 3028 ist
721 2988 792 3040 pem.
839 2973 875 3040 gl.
888 2971 958 3028 Einl.
970 2972 997 3038 s.
1012 2976 1052 3029 19.

107 3039 150 3093 ein
160 3038 316 3093 Anakolutb
327 3040 523 3103 anzunebmen,
535 3041 667 3095 wornach
745 3042 818 3096 tnta·
823 3045 833 3095 t
838 3040 988 3096 uiumetc.
1001 3039 1285 3095 enuntiationum.

106 3104 167 3160 dem
194 3103 397 3161 Schriitsteller
421 3106 467 3161 ldr
487 3107 598 3173 placuit
624 3107 668 3162 ein
719 3108 849 3175 facinori
858 3107 1088 3175 praeferebatur.
1111 3106 1149 3162 So
1162 3104 1285 3164 braucht

107 3172 190 3227 Wort
200 3171 254 3225 wie
264 3171 457 3228 decreverunt
466 3171 668 3229 vorschwebte.
719 3176 806 3231 schon
827 3174 882 3229 liv.
904 3174 1015 3230 titulum
1034 3174 1128 3243 ferre,
1183 3180 1285 3233 men·

140 3242 164 3293 8.
178 3244 346 3318 temptent
357 3237 575 3320 s.Einl.8.34b3;
586 3256 667 3296 corz·
719 3243 787 3298 dere
804 3264 837 3285 =
855 3242 898 3297 ein
910 3239 1129 3308 tushangesomt
1160 3240 1284 3301 vorhtu-

105 3306 628 3363 sternutaonem=Uebererlun
659 3328 666 3371 ;
719 3324 781 3375 gen,
799 3308 855 3365 und
872 3309 925 3365 sub
943 3308 1024 3364 titulo
1040 3331 1074 3351 ==
1090 3315 1173 3363 unter
1190 3309 1283 3365 ciuem

104 3389 300 3437 excusare,
317 3375 371 3430 wie
382 3374 438 3454 olt:
459 3324 667 3431 zurEntschul-
719 3374 966 3443 nushsngeschild,
981 3375 1128 3433 Vorwand.
1144 3403 1178 3413 -
1191 3374 1283 3445 offi-

104 3443 210 3510 digung
223 3440 369 3505 anldbren,
383 3442 441 3498 sich
456 3442 666 3511 entschuldigen
718 3445 777 3509 cii,
791 3444 902 3499 ‘einer
914 3442 1114 3499 unterthdni
1145 3458 1185 3498 en
1196 3440 1281 3499 Aui-

103 3511 153 3566 mit
167 3518 262 3591 etuas.
355 3581 360 3591 ,
718 3509 944 3633 wartunp{;ii.
962 3508 1046 3566 denlrt
1063 3457 1170 3590 uterini
1187 3509 1282 3567 audie

137 3581 161 3633 9.
174 3578 256 3633 binc
323 3579 406 3635 binc
422 3596 442 3634 s.
460 3577 530 3634 Einl.
548 3579 574 3643 S.
590 3577 665 3641 lbb.;
718 3578 856 3634 rdmrsehe
881 3574 1280 3642 uttenacbderdreirdbesten

104 3645 144 3700 sie
157 3643 376 3702 bearbeiteuvou
386 3645 665 3702 verschiedenenSei·
717 3644 950 3714 Morgenstunden
967 3661 1002 3701 zu
1014 3643 1176 3700 leierlichen
1193 3644 1280 3701 ilesu-

103 3720 149 3768 ten
175 3729 224 3768 aus
249 3712 295 3768 die
319 3713 406 3770 roben
431 3712 666 3769 Soldatenhcrzeu
718 3713 787 3768 cheu
801 3712 1014 3778 (salutationes)
1024 3711 1140 3792 benptzt
1151 3710 1281 3791 pumen.

103 3778 194 3848 (milit.
207 3782 331 3837 animis.
343 3785 368 3836 4.
380 3785 405 3838 2.
419 3781 470 3845 17).
487 3809 520 3817 -
538 3781 666 3836 ruinae
752 3785 791 3835 13.
804 3780 974 3844 babituri,
988 3779 1042 3835 wie
1054 3794 1121 3834 wir:
1134 3786 1185 3834 ‘ru
1196 3778 1279 3835 Ket-

153 3849 437 3915 coputsubdere,
450 3846 666 3915 wiecollcsor·
717 3854 773 3903 ten
790 3864 817 3904 u.
830 3846 962 3903 Banden
975 3845 1119 3909 halteu’;
1136 3844 1278 3903 dberdeu

102 3924 190 3973 tunae
202 3916 325 3997 subdere
334 3932 361 3997 u.
375 3914 463 3995 dergl.
476 3942 509 3952 -
522 3915 666 3970 donisel
717 3914 792 4013 infin.
814 3930 836 3969 s.
849 3912 918 3995 dial.
932 3913 1033 3994 8334b.
1050 3940 1085 3951 -
1099 3919 1233 3993 pusula
1243 3934 1280 3957 ==

101 3980 665 4115 11111111111111111111111.
717 3980 1278 4129 e{illitialtltltettlcttfftt'!

101 4136 175 4185 pazo
195 4121 303 4186 apresti
320 4119 412 4186 (Verg.
425 4118 490 4173 den.
508 4120 532 4172 5.
543 4116 588 4180 40)
607 4115 664 4170 und
716 4122 792 4172 torta
803 4136 837 4160 =
849 4130 922 4183 qnae
935 4116 1098 4172 admoneam
1110 4122 1163 4173 eet,

101 4186 218 4251 nundin,
239 4184 359 4252 bonore,
381 4186 512 4242 comitate
528 4185 664 4250 cecinere
751 4186 791 4238 14.
804 4183 975 4247 admotae,
988 4192 1063 4252 poet.
1077 4200 1104 4239 u.
1123 4182 1231 4240 uachcl.
1243 4204 1278 4227 τε

102 4253 145 4308 bei
158 4253 187 4308 C.
717 4249 870 4315 adhibitae,
881 4250 989 4318 sactae.
1005 4278 1039 4289 -
1057 4256 1124 4307 nul.
1141 4250 1278 4317 simpli·

136 4325 175 4373 10.
190 4320 350 4386 eundem,
363 4318 480 4375 ntmlich
492 4323 665 4386 quemnemo
716 4332 792 4374 cem.
810 4316 935 4374 llieselbe
948 4316 1278 4376 elrarakteristilsznr.
