2752 4776
94 201 158 265 222
549 215 583 275 e.
606 214 710 263 cunm
731 212 814 261 uum

95 371 184 432 modo
212 374 304 450 petite
331 372 472 432 missione
495 388 515 430 o
542 371 621 431 iusto
645 387 718 447 rege
746 387 828 429 nunc
854 369 1021 429 morituros
1048 385 1108 447 pro
1138 368 1260 444 potentia

45 473 78 521 15
96 457 219 517 forsitan
250 453 382 515 satellitis
416 454 540 515 alicuius
575 453 723 533 ignobilis.
773 453 833 513 Has
860 455 1059 530 cogitationes
1087 449 1262 511 volventibus

95 557 155 600 nox
184 541 358 615 supervenit
390 548 596 619 terroremque
628 540 718 601 auxit.
767 538 875 598 Milites
907 538 939 596 11
972 537 1066 596 armis
1092 533 1258 612 vigilabant:

95 622 250 704 Babylonii
271 623 347 684 alius
370 640 387 683 e
409 625 518 691 muris,
542 623 617 683 alius
639 622 770 682 culmine
785 623 833 682 sui
855 622 982 700 quisque
1006 619 1079 680 tecti
1094 626 1259 698 prospecta-

45 721 77 771 16
96 707 167 768 bant
194 710 278 786 quasi
301 710 429 767 certiora
453 709 555 768 visuri.
601 706 662 768 Nec
690 708 848 786 quisquam
874 705 989 765 lumina
1011 702 1144 764 audebat
1164 719 1258 762 accen·

96 791 178 852 dere.
224 791 261 851 Et
282 794 352 868 quia
374 789 530 851 oculorum
552 790 688 851 cessabat
709 808 795 857 usus,
818 790 954 850 fremitus
972 805 1122 867 vocesque
1145 786 1257 847 auribus

95 874 255 953 captabant
281 894 317 936 ac
345 875 524 954 plerumque
551 884 626 934 van‘o
654 883 737 935 metu
764 874 860 933 territi
888 890 942 951 per
965 871 1112 932 obscuras
1138 873 1255 938 semitas,

96 959 172 1020 alius
209 958 261 1020 alii
301 966 507 1028 occursantes,
541 959 668 1021 inuicem
700 958 832 1036 suspecti
864 974 899 1017 ac
933 954 1053 1016 solliciti
1081 954 1254 1016 terebantur.

45 1058 77 1108 11
96 1045 205 1105 Persae
228 1047 320 1104 comis
342 1061 397 1103 suo
423 1061 506 1102 more
534 1043 666 1103 detonsis
687 1043 717 1101 in
747 1041 866 1118 lugubri
888 1048 969 1101 veste
999 1056 1070 1100 cum
1093 1038 1256 1116 coniugibus

95 1145 129 1188 ac
159 1125 262 1187 liberis
283 1145 344 1187 non
367 1134 400 1186 ut
421 1129 565 1186 victorem
595 1133 625 1187 et
647 1126 735 1186 modo
770 1124 831 1205 [ut]
854 1125 987 1192 hostem,
1021 1123 1075 1184 sed
1108 1132 1143 1183 ut
1173 1124 1256 1200 gentis

96 1229 167 1273 suae
189 1213 384 1272 iustissimum
400 1227 502 1287 regem
518 1229 589 1270 vero
612 1210 760 1270 desiderio
783 1208 935 1288 lugebant.
979 1207 1105 1269 Adsueti
1127 1207 1183 1268 sub
1196 1223 1255 1283 rege

95 1298 196 1356 vivere
218 1312 278 1354 non
293 1293 400 1362 alium,
424 1297 475 1373 qui
497 1295 658 1373 imperaret
679 1295 765 1373 ipsis,
789 1294 955 1370 digniorem
976 1291 1071 1352 fuisse
1087 1290 1255 1352 confiteban-

47 1396 78 1447 1s
96 1387 154 1439 tur.
199 1378 262 1439 Nec
276 1381 372 1438 muris
388 1378 470 1438 urhis
492 1378 589 1439 luctus
604 1376 827 1445 continebatur,
850 1378 903 1436 sed
925 1379 1094 1453 proximam
1111 1378 1253 1454 regionem
1262 1383 1288 1446 11

95 1462 132 1522 ab
155 1481 205 1531 ea,
229 1462 338 1522 deinde
353 1480 491 1539 magnam
514 1471 629 1542 partem
644 1464 731 1522 Asiae
754 1463 797 1521 cis
812 1460 983 1539 Euphraten
1006 1459 1078 1521 mali
1100 1461 1177 1521 lama
1197 1475 1254 1537 per-

46 1565 78 1614 19
96 1553 220 1606 vaserat.
264 1547 308 1606 dd
330 1548 423 1606 Darei
445 1565 563 1624 quoque
585 1553 710 1606 matrem
734 1545 871 1606 celeriter
894 1543 1006 1622 perlata
1031 1552 1086 1604 est.
1130 1545 1256 1605 Abscissa

96 1647 168 1706 ergo
192 1635 286 1697 veste,
310 1647 367 1706 qua
390 1630 492 1689 induta
515 1638 593 1698 erat,
624 1629 783 1707 lugubrem
805 1631 933 1706 sumpsit
955 1629 1155 1704 laceratisque
1177 1630 1257 1688 crioi-

43 1731 78 1781 20
95 1713 152 1774 bus
175 1714 258 1774 humi
287 1731 397 1790 corpus
425 1712 544 1774 abiecit.
588 1713 751 1776 Adsidebat
779 1715 806 1773 ei
828 1713 921 1774 altera
944 1731 980 1774 ex
1009 1713 1151 1792 neptibus
1173 1730 1257 1792 nuper

95 1801 234 1858 amissum
258 1796 525 1876 Hephaestionem,
554 1800 602 1857 cui
625 1806 782 1874 nupserat,
813 1796 917 1876 lugens
943 1799 1142 1876 propriasque
1164 1814 1259 1858 causas

43 1883 208 1949 21doloris
241 1883 271 1941 in
293 1883 446 1941 communi
474 1884 617 1942 maestitia
647 1880 836 1942 retractabat.
885 1881 944 1941 Sed
977 1883 1111 1942 omnium
1146 1899 1258 1944 suorum

96 1965 171 2027 mala
195 1964 369 2044 Sisigambis
391 1982 450 2024 una
473 1965 619 2044 capiebat.
668 1964 720 2027 llla
743 1983 842 2033 suam,
871 1964 919 2024 illa
942 1967 1079 2044 neptium
1100 1966 1194 2025 vicem
1214 1965 1258 2025 lle

96 2049 155 2111 bat.
201 2049 318 2109 liecens
345 2047 429 2110 dolor
452 2051 542 2111 etiam
571 2052 733 2129 praeterita
761 2057 961 2110 revocaverat.
1008 2048 1154 2110 Crederes
1178 2049 1259 2110 modo

94 2230 153 2286 also
172 2231 249 2285 nicht
267 2229 435 2297 ubertltissig
452 2230 541 2287 neben
561 2247 656 2288 senes.
706 2236 830 2287 sonitum
856 2248 929 2289 oure
955 2240 1084 2356 captore.
1105 2264 1140 2273 —
1163 2235 1260 2292 Semito

95 2296 129 2351 Es
147 2299 184 2352 ist
201 2298 251 2353 der
268 2298 383 2352 weltere
399 2297 508 2364 ltegritl.
525 2333 558 2341 -
574 2299 653 2367 for·
706 2298 742 2352 ist
761 2308 780 2355 t.
798 2307 818 2355 1.
837 2298 883 2355 tur
901 2301 944 2356 die
964 2318 993 2356 er
1015 2302 1101 2357 ohten
1117 2303 1261 2370 uusswege

95 2366 188 2418 sitan
218 2364 318 2429 gehon
350 2379 383 2418 zu
418 2364 470 2419 den
504 2365 652 2433 folgenden
706 2366 1261 2432 1111111111111111111,’111111111-

95 2430 222 2491 Worten,
242 2429 291 2485 aul
306 2431 394 2485 denen
413 2432 463 2486 der
480 2431 653 2500 llauptnaetr-
706 2437 864 2499 suspecti
875 2436 1079 2493 acsollicitr'
1096 2437 1262 2492 (1111111

94 2498 181 2555 druck
199 2498 275 2563 liegt.
706 2500 842 2566 erregeud
858 2501 914 2556 und
934 2501 1116 2570 emphndend.
1148 2503 1205 2572 Vgl.
1223 2509 1261 2559 in-

130 2571 170 2621 15.
192 2566 404 2622 volventis
425 2566 480 2620 wie
501 2570 525 2621 8.
550 2571 574 2618 1.
616 2565 653 2621 So
704 2567 801 2633 festus
819 2570 984 2635 saeuusque
1006 2574 1029 2626 1.
1048 2574 1073 2621 6.

94 2632 232 2688 brauchen
243 2634 419 2688 volvereund
430 2635 654 2689 volutoreschon
741 2639 781 2689 11.
798 2637 833 2689 in
852 2635 916 2701 lup.
936 2644 1039 2692 ueste.
1075 2636 1102 2694 S.
1120 2637 1190 2694 Einl.
1204 2640 1221 2705 8
1233 2643 1261 2690 21

94 2700 373 2757 8111111111.-
392 2702 512 2756 otiose
529 2705 652 2761 muris,
706 2710 787 2756 unter
809 2706 852 2758 in.
891 2703 942 2757 bas
966 2703 1097 2771 folgende
1120 2715 1152 2760 ut
1177 2708 1262 2762 hinter

95 2769 186 2823 alius
204 2768 360 2825 culmine.
391 2768 443 2823 Der
460 2768 653 2834 gewdhnlichc
705 2770 787 2823 modo
805 2770 842 2824 ist
859 2770 936 2824 wohl
954 2788 988 2824 zu
1006 2773 1156 2830 streichen.

94 2834 652 2902 SprachgebrauchverlangtdieWieder-
740 2839 780 2891 18.
795 2840 990 2902 proximem
1013 2855 1081 2905 ree.
1101 2840 1140 2895 ab
1159 2857 1195 2896 eo
1212 2841 1261 2896 nie

93 2902 199 2967 holung
229 2901 277 2956 der
300 2903 474 2971 Praposition
498 2903 568 2957 heim
595 2904 651 2958 dis-
704 2904 784 2957 6.11.
802 2908 835 2956 28
852 2908 1003 2971 proximas
1023 2925 1041 2960 o
1059 2907 1141 2962 nobis
1158 2916 1262 2975 portes.

90 2968 235 3046 junktiyen
247 2969 428 3029 Verhtltniss;
440 2970 510 3024 doch
521 2970 651 3026 erlauben
739 2974 778 3024 19.
796 2972 963 3027 AdDorer'
971 2988 1102 3040 quoque
1115 2983 1262 3032 matrem.

91 3037 150 3089 such
169 3035 213 3089 due
231 3035 436 3090 Nachelassiker
453 3037 481 3090 in
499 3037 559 3092 dem
576 3038 650 3094 Stre·
705 3035 864 3104 Sisigambis
883 3038 982 3094 beland
1001 3041 1059 3095 sich
1082 3045 1261 3099 vermuthlich

92 3100 145 3155 ben
178 3102 247 3155 nach
287 3102 347 3156 dem
388 3103 651 3170 Ungewohntiehen,
705 3104 1260 3174 (1111111111118111(ε.5.2.111.

92 3167 265 3234 urappanuen
302 3169 377 3247 nicht
417 3169 505 3225 selten
541 3172 651 3228 dbwei·
703 3199 737 3207 -
755 3173 888 3229 obiecit.
926 3172 1019 3241 ugus.
1035 3179 1073 3231 12,
1094 3179 1126 3227 18
1142 3194 1261 3244 pronum

92 3234 219 3300 chungen
254 3251 308 3289 uon
345 3236 434 3290 dieser
464 3237 562 3303 hegeh
597 3242 652 3295 wie
703 3254 810 3305 corpus
827 3243 858 3293 in
875 3241 990 3296 humum
1008 3243 1119 3298 obiecit.

91 3303 161 3356 auch
174 3301 275 3355 bereits
288 3301 377 3371 Nepos
393 3304 448 3358 und
461 3304 561 3360 Livius.
590 3306 651 3372 Vgl.
738 3307 1078 3374 sooner-aeacum.
1115 3310 1260 3367 Nachhrr.

92 3367 205 3424 obeat.
225 3373 520 3427 11.-11111111.
556 3373 650 3428 leder·
702 3373 759 3427 und
782 3373 884 3429 ltiodor
910 3375 984 3430 hiess
1008 3376 1048 3430 sie
1070 3377 1210 3446 Drypetis.
1233 3405 1261 3415 -

54 3486 56 3491 .
90 3452 171 3513 manu
192 3443 349 3513 ¹erwartete
383 3439 651 3495 ausserordentlic'oe
700 3443 941 3509 propriasque
970 3459 993 3497 c.
1021 3444 1157 3500 doloris
1185 3447 1210 3502 d.
1236 3446 1261 3500 1ι.

89 3502 257 3581 Erergmsse,
278 3503 444 3558 Vorzeichen
457 3522 483 3560 u.
496 3506 559 3572 egl..
579 3508 651 3564 ohne
702 3507 746 3561 ihr
758 3509 946 3576 persbnliehes
959 3509 1032 3570 Leid.
1046 3511 1181 3578 Ungluick.
1206 3514 1260 3580 l'gl.

90 3569 162 3623 doeh
180 3569 258 3624 daber
277 3587 311 3625 an
325 3579 410 3626 etwas
424 3574 597 3629 bestimmtes
617 3593 650 3630 zu
702 3580 725 3629 3.
745 3580 760 3627 3
776 3579 898 3641 propria
916 3618 922 3632 .
937 3619 962 3631 ..
981 3582 1137 3634 veneratio.

90 3635 205 3692 denken.
501 3708 507 3719 Ι
736 3647 776 3696 21.
795 3645 956 3709 capiebat
973 3643 998 3697 d.
1017 3644 1045 3698 h.
1069 3646 1110 3699 sie
1132 3647 1208 3702 hatte
1229 3664 1259 3701 zu

125 3706 164 3758 16.
193 3704 354 3768 audebat,
382 3707 453 3762 deun
481 3708 524 3762 due
548 3710 650 3764 Trauer
701 3717 829 3775 tragon.
881 3710 1015 3766 hehnlich
1050 3728 1158 3778 capere
1194 3714 1259 3770 oben

89 3769 187 3825 scheut
211 3772 254 3826 die
272 3771 433 3841 llelliglreit;
453 3775 577 3842 dagegen
595 3776 648 3842 vgl.
702 3774 757 3839 88.
792 3776 842 3830 llas
863 3775 992 3844 lolgende
1005 3779 1093 3834 vicem
1112 3780 1184 3836 kann
1202 3781 1259 3847 tug-

89 3840 112 3891 8.
136 3842 160 3893 4.
183 3841 199 3889 8
222 3840 324 3902 lucem,
349 3843 482 3897 naturale
503 3844 648 3899 solacium.
701 3843 755 3897 lich
784 3845 835 3898 mit
857 3843 941 3900 Loos
969 3844 1113 3903 ubersetzt
1139 3848 1196 3902 und
1221 3849 1257 3902 als

88 3932 121 3941 -
134 3909 310 3968 cessabat,
327 3909 487 3974 eigentlich:
503 3911 647 3977 ‘pausirte’
701 3909 801 3977 ubjeln
819 3911 923 3977 geiasst
937 3911 1063 3971 werdeu;
1084 3914 1209 3982 dagegen
1225 3916 1259 3969 ist

88 3968 114 4025 d.
134 3972 161 4024 h.
185 3973 389 4030 unterbroehen
412 3991 479 4030 war.
514 3976 647 4031 Aehnlich
701 3979 877 4033 entschieden
895 3979 1045 4034 adverbiell
1068 3996 1154 4036 suom
1175 3985 1258 4038 vicem

88 4039 209 4104 auferre
233 4041 378 4095 oculorum
400 4058 483 4098 usum
506 4048 530 4094 9.
556 4049 579 4098 9.
602 4049 647 4105 14;
700 4049 724 4096 1.
743 4049 766 4100 2,
785 4051 809 4100 5.
827 4073 860 4082 -
878 4047 989 4108 dolor,
1008 4046 1069 4101 hier
1088 4048 1211 4115 objeuuv
1228 4072 1258 4091 =

88 4109 260 4173 intercipere
284 4123 327 4162 ue.
352 4113 513 4166 auriumt.
538 4115 577 4165 13.
601 4116 646 4171 38:
700 4111 831 4178 Ungluelr.
876 4112 912 4168 So
942 4112 1083 4168 brauchen
1112 4118 1182 4171 auch
1208 4117 1258 4169 wir

88 4180 647 4240 nonsupererotaoriumusos5.4.25.-
700 4179 802 4240 ‘Leid,
821 4180 910 4235 Weh'
934 4197 960 4235 u.
980 4180 1036 4246 dgl.
1060 4180 1125 4236 bald
1149 4183 1257 4251 sthelr·

88 4242 285 4307 captabant.
327 4243 386 4309 Vgl.
408 4245 455 4299 das
478 4245 647 4301 Livianische
700 4247 738 4301 tiv
756 4246 819 4300 hald
837 4245 968 4314 objektiv.
997 4246 1048 4302 llas
1068 4249 1197 4306 absolute
1213 4265 1256 4305 re·
