2752 4776
141 245 205 309 104
590 245 623 307 o.
642 243 754 297 ouem
772 244 861 295 sum
930 237 934 244 ·

108 415 238 477 nicetus
259 415 314 475 fuit
342 412 446 475 beluae
473 422 621 493 aspectus:
656 412 832 473 Macedones
858 413 914 472 iter
942 411 1076 472 iaciendo
1106 413 1191 491 operi
1218 429 1305 477 mon·

142 508 252 575 strasse
275 516 339 559 eam
363 497 598 576 augurabantur,
633 496 715 575 Tyrii
737 497 906 576 Neptunum
934 496 1069 575 occupati
1091 497 1184 557 maris
1210 496 1305 557 vindi-

143 602 208 644 cem
231 582 397 662 abripuisse
409 580 526 643 beluam
550 599 584 641 ac
606 579 716 642 molem
731 580 813 641 brevi
826 579 960 659 prolecto
975 580 1132 641 ruituram.
1162 580 1306 661 Laetique

149 670 248 729 omine
271 685 305 727 eo
326 666 365 727 ad
395 665 497 747 epulas
525 665 630 743 dilapsi
660 681 822 725 onerarere
850 683 881 725 se
909 665 990 734 vino,
1023 682 1082 743 quo
1110 680 1216 742 graves
1244 673 1308 725 orto

143 750 205 812 sole
228 752 340 830 navigia
364 749 567 812 conscendunt
589 749 726 809 redimita
746 747 869 809 floribus
891 750 1083 826 coronisque:
1119 747 1194 809 adeo
1216 750 1307 809 victo·

112 844 128 893 6
146 837 208 896 riae
230 852 290 895 non
313 852 400 897 omen
416 834 520 904 modo,
543 833 596 894 sed
612 834 700 893 etiam
715 831 941 911 gratulationem
962 840 1189 910 praeceperant.
1218 832 1306 893 Forte
1315 827 1351 893 18

144 937 198 981 rex
221 918 344 981 classem
367 921 398 980 in
420 918 565 980 diversam
587 924 703 997 partem
724 917 772 993 agi
792 919 918 979 iusserat
932 935 989 977 xxx
1005 916 1171 977 minoribus
1188 916 1308 993 navigiis

145 1003 256 1065 relictis
277 1006 310 1065 in
332 1003 432 1065 litore:
461 1021 477 1063 e
499 1001 607 1082 quibus
629 1001 710 1078 Tyrii
732 999 847 1062 duobus
870 1002 963 1080 captis
985 1007 1084 1061 cetera
1106 1002 1221 1078 ingenti
1248 1009 1308 1063 ter·

146 1097 273 1150 ruerunt
301 1095 398 1158 metu,
432 1086 527 1147 donec
554 1103 676 1145 suorum
705 1083 834 1145 clamore
863 1084 961 1147 audito
990 1085 1158 1146 Alexander
1187 1083 1309 1147 classem

112 1172 239 1241 llitori,
268 1190 366 1250 aquo
393 1171 529 1231 fremitus
559 1169 741 1239 acciderant,
772 1168 912 1230 admovit.
956 1169 1054 1230 Prima
1077 1187 1094 1229 e
1115 1169 1310 1231 Macedonum

147 1254 270 1317 navibus
303 1254 525 1335 quinqueremis
557 1252 712 1314 velocitate
744 1255 823 1313 inter
857 1261 972 1314 ceteras
1001 1254 1136 1314 eminens
1168 1252 1309 1321 occurrit

146 1357 235 1417 quam
258 1345 291 1398 ut
313 1355 494 1416 conspexere
516 1337 635 1416 Tyriae,
660 1337 734 1397 duae
757 1356 793 1398 ex
815 1337 930 1397 diverso
946 1338 976 1396 in
991 1336 1083 1397 latera
1099 1337 1163 1397 eius
1179 1338 1310 1398 invectae

146 1431 229 1496 sunt,
263 1424 294 1481 in
322 1439 446 1499 quarum
476 1420 598 1482 alteram
627 1422 848 1500 quinqueremis
882 1423 1027 1482 concitata
1056 1421 1158 1481 eadem
1190 1430 1221 1482 et
1248 1423 1310 1501 ipsa

112 1518 129 1567 8
147 1513 246 1567 rostro
268 1506 326 1567 ieta
350 1513 393 1566 est
415 1513 445 1565 et
465 1504 544 1565 illam
567 1506 692 1565 invicem
715 1506 818 1565 tenuit.
862 1505 983 1582 lamque
1006 1522 1053 1574 ea,
1078 1523 1154 1583 quae
1176 1522 1239 1566 non
1261 1523 1309 1565 co·

142 1588 307 1659 baerebat,
330 1588 425 1650 libero
447 1591 560 1667 impetu
584 1597 684 1650 evecta
707 1590 736 1650 in
760 1588 839 1649 aliud
861 1590 1085 1668 quinqueremis
1099 1588 1176 1649 latus
1191 1589 1310 1649 inveho·

148 1673 252 1734 batur:
276 1691 343 1735 cum
368 1675 586 1753 opportunitate
607 1676 683 1734 mira
705 1675 835 1735 triremis
858 1691 874 1732 e
897 1671 991 1734 classe
1012 1671 1171 1735 Alexandri
1192 1674 1225 1733 in
1248 1690 1311 1735 eam

146 1759 256 1837 ipsam,
280 1774 355 1835 quae
377 1759 583 1837 quinqueremi
603 1755 780 1828 inminebat,
804 1764 885 1819 tanta
901 1761 930 1817 vi
944 1761 1065 1833 inpulsa
1079 1764 1130 1827 est,
1154 1763 1188 1818 ut
1208 1756 1315 1837 Tyrius

115 1851 131 1900 9
149 1840 333 1919 gubernator
347 1842 378 1901 in
399 1859 481 1903 mare
497 1849 685 1903 excuteretur
701 1860 717 1902 e
732 1843 836 1921 puppi.
881 1840 984 1902 Plures
999 1840 1106 1902 deinde
1120 1841 1312 1903 Macedonum

69 1970 79 1985 .
149 1943 238 1987 naves
260 1927 485 2005 superveniunt,
515 1937 544 1987 et
566 1944 619 1987 rex
641 1944 759 2005 quoque
788 1926 905 1986 aderat:
939 1943 1005 1986 cum
1034 1926 1117 2005 Tyrii
1142 1924 1311 1987 inhibentes

147 2012 238 2071 remis
261 2026 350 2087 aegre
372 2009 498 2071 evellere
521 2029 639 2080 navem,
668 2028 743 2088 quae
765 2009 922 2079 haerebat,
950 2016 1129 2089 portumque
1152 2012 1254 2071 omnia
1274 2010 1312 2069 si·

148 2094 210 2155 mul
244 2095 358 2174 navigia
390 2102 538 2174 repetunt.
583 2092 744 2155 Confestim
776 2111 831 2155 rex
862 2095 1014 2155 insecutus
1045 2102 1166 2172 portum
1194 2093 1312 2174 quidem

150 2180 263 2240 intrare
286 2196 347 2239 non
368 2180 478 2256 potuit,
507 2196 574 2239 cum
597 2177 703 2257 procul
725 2197 741 2238 e
763 2178 856 2238 muris
878 2177 1037 2238 missilibus
1066 2185 1312 2246 summoveretur,

149 2279 239 2322 naves
261 2268 359 2321 autem
383 2279 486 2323 omnes
508 2263 571 2322 lere
593 2269 644 2321 ant
666 2261 809 2322 demersit
830 2269 880 2323 aut
902 2263 989 2339 cepit.

97 2360 132 2408 10
173 2386 176 2391 ·
235 2344 330 2404 Biduo
354 2344 460 2405 deinde
483 2345 519 2404 ad
548 2346 677 2423 quietem
705 2345 773 2405 dato
802 2343 943 2406 militibus
966 2347 1110 2426 iussisque
1133 2353 1163 2405 et
1190 2343 1315 2407 classem
1324 2334 1354 2402 19

149 2434 181 2488 et
202 2427 353 2488 machinas
380 2430 492 2507 pariter
519 2428 692 2498 admovere,
727 2437 760 2488 ut
781 2429 913 2509 undique
941 2431 1052 2491 territis
1079 2432 1220 2500 instaret,
1252 2431 1316 2508 ipse

183 2631 207 2681 5.
220 2630 289 2683 iter
302 2643 324 2682 c.
338 2628 391 2684 dat.
405 2643 470 2695 ger,
483 2628 553 2684 Einl.
568 2629 663 2694 §.ma
675 2655 709 2668 ·-
759 2645 812 2683 nur
823 2629 1008 2697 eocyprische
1018 2628 1154 2684 Selriffein
1163 2627 1248 2684 litore
1257 2629 1318 2685 db.

148 2695 355 2762 abripuisse
368 2696 449 2751 ‘habe
462 2696 634 2752 schliesslich
647 2713 707 2752 ver·
759 2694 931 2762 amEingang
941 2695 988 2750 des
999 2694 1318 2752 ndrdl.Halensznrdcli·

150 2762 331 2829 schlungen';
345 2779 422 2818 ae=
434 2764 500 2819 und
513 2763 649 2826 ebenso;
663 2763 707 2818 die
760 2761 876 2819 blieben.
888 2784 926 2800 -<
938 2762 1048 2826 Alex..
1067 2763 1116 2818 der
1134 2763 1194 2818 sich
1207 2763 1252 2818 bei
1266 2762 1318 2818 den

149 2829 246 2896 'lyrier
259 2829 707 2886 deutetensomitdasdrscheinen
759 2828 1317 2897 phbnicischenSchillenbefand.-fre·

149 2895 207 2950 und
219 2895 435 2952 Verscbwinden
448 2898 495 2953 dcs
509 2897 646 2960 Unthiers,
659 2897 706 2953 das
759 2899 876 2960 mites,
891 2896 941 2952 der
956 2896 1048 2952 Plural
1066 2897 1122 2953 wie
1139 2901 1178 2952 10.
1197 2900 1221 2952 s.
1241 2901 1281 2960 16,
1295 2914 1317 2953 s.

150 2961 622 3030 sicherststolzaulgebaumtbabe,
636 2965 707 3019 daun
758 2962 828 3018 Einl.
849 2964 875 3029 8.
894 2968 923 3027 3;
949 2966 1162 3020 acciderent
1188 2965 1260 3020 ohne
1281 2964 1322 3019 ed

150 3044 213 3083 vom
226 3028 315 3083 llleere
324 3030 648 3097 verscblnngenworden
658 3031 706 3092 sei,
759 3046 847 3086 eures
860 3031 914 3086 wie
926 3029 1132 3086 beiLiv.2i.1b
1145 3032 1221 3088 unde
1233 3033 1317 3089 terri·

150 3094 200 3150 aul
210 3094 263 3149 den
275 3094 431 3151 llammbau.
447 3124 481 3134 -
498 3112 706 3161 oneravere,
758 3097 822 3153 bilis
834 3098 982 3154 occidebat
992 3115 1090 3155 sonus.

147 3160 253 3216 ebenso
267 3160 332 3217 Sall.
344 3162 400 3230 lug.
415 3168 456 3218 76.
474 3167 498 3220 6,
511 3192 544 3202 -
560 3179 706 3230 praece·
792 3169 815 3220 l.
829 3167 988 3221 occurrit
998 3159 1275 3234 :nepsdoq'iiqesn
1285 3194 1317 3205 -

148 3236 292 3351 iiiiii
305 3230 468 3351 liant·
485 3233 708 3354 tdttttrtt
760 3234 877 3355 titii
884 3238 940 3354 tt
958 3232 1156 3356 ididia
1170 3233 1232 3355 it
1242 3238 1269 3353 i·
1278 3238 1317 3353 1²⁵³

199 3337 461 3360 ›·····
650 3339 656 3351 ·
933 3318 1319 3365 ...,e.·;...

150 3364 345 3430 zeugmatiseb.
364 3363 443 3420 Sinn:
456 3364 633 3431 leichtsinnig
645 3381 708 3420 vor·
793 3370 817 3420 8.
830 3373 950 3423 euecta
968 3367 1182 3430 ‘anstirmend’;
1197 3368 1242 3424 die
1253 3368 1317 3425 rra·

149 3430 275 3495 greifend
292 3431 379 3499 geben
397 3433 437 3487 sie
452 3432 515 3488 'sich
533 3432 610 3487 nieht
631 3431 707 3488 hloss
759 3450 821 3501 pos.
834 3433 1214 3490 hatihnliobellraftwiein:
1227 3434 1320 3503 effere

150 3498 199 3553 der
211 3497 360 3555 lloifnun
402 3497 451 3555 auf
465 3497 530 3566 Sieg
543 3497 708 3566 (begrrindet
758 3501 1317 3565 manum=weitansholenzumStreicb;

149 3562 198 3642 auf
217 3565 264 3619 das
276 3515 388 3644 omnir,
400 3565 526 3646 ‚sondern
547 3581 630 3634 sogar
646 3567 707 3622 dem
760 3568 993 3625 invehebatur
1010 3576 1081 3624 ‘war
1094 3568 1163 3625 eben
1180 3569 1259 3626 dabei
1272 3586 1317 3625 an·

149 3630 366 3698 SregesJubel
378 3635 435 3688 hm.
759 3653 793 3691 zu
814 3635 921 3698 rallen’,
934 3635 989 3703 vgl.
1002 3637 1038 3691 im
1055 3633 1214 3704 folgenden
1230 3638 1319 3692 immi·

183 3703 206 3753 6.
219 3698 294 3764 fort
300 3715 327 3761 e,
341 3699 518 3769 anlmiipfend
531 3718 565 3757 an
578 3701 635 3767 §.2
659 3701 706 3757 nie
756 3653 849 3760 nebat.

148 3765 297 3833 folgenden
314 3767 412 3823 Worte
436 3768 496 3823 sind
514 3783 582 3835 ganz
599 3768 705 3825 unldar.
792 3775 817 3824 9.
831 3769 1318 3835 oderethattesioh(mitilerweile)

148 3832 222 3889 Nach
234 3837 295 3890 Arr.
307 3839 330 3891 2.
344 3840 375 3888 21
389 3835 527 3892 hlokirten
540 3836 583 3892 die
595 3836 705 3906 plrimis.
761 3836 953 3905 eingeiunden.
977 3866 1011 3876 -—
1039 3837 1243 3894 inhibentes
1266 3839 1318 3905 εἰς.

150 3900 249 3958 Sebille
267 3904 319 3959 den
336 3903 527 3967 siidliehen,
553 3903 596 3959 die
614 3904 706 3973 cypri·
762 3905 960 3968 anhaltend,
973 3906 1001 3960 in
1014 3903 1288 3973 derSchilisspraclre
1299 3911 1320 3958 t.

151 3970 294 4026 schenden
302 3971 489 4028 entiemteren
502 3969 709 4027 nbrdlichen
761 3982 781 4029 t.
794 3989 857 4029 vom
868 3972 1135 4029 Riciwirtsrudern
1153 3989 1214 4028 zum
1232 3969 1322 4029 Bebui

150 4036 708 4101 HaienderStadt;auidieletzterenward
762 4040 810 4095 des
833 4039 1045 4097 rtottwerdens.
1074 4039 1242 4105 euellere,
1263 4038 1321 4094 ind.

151 4104 200 4158 der
223 4104 259 4158 im
283 4104 440 4172 folgenden
462 4105 583 4161 erzdblte
602 4104 713 4174 Angrilf
761 4106 840 4176 peri,
853 4125 875 4163 s.
889 4111 912 4163 2.
925 4111 966 4162 21.

150 4171 479 4237 gemacht;alsobeistin
488 4174 523 4227 di
528 4189 551 4227 o.
559 4180 709 4240 partem:
796 4178 837 4229 10.
850 4174 1033 4237 admouere
1046 4173 1128 4241 (8.2),
1140 4174 1262 4230 nimlieh
1274 4172 1323 4230 aul

149 4239 378 4306 nachderentge
408 4240 707 4307 engesetztenmird-
762 4241 823 4297 dem
835 4240 1322 4298 mittlerweilevollendetenllamme

149 4304 252 4371 lichen)
270 4305 362 4362 Seite
383 4255 442 4363 ber
463 4306 571 4371 Stadt,
589 4324 620 4364 so
644 4308 706 4365 dass
762 4309 817 4372 hin,
831 4307 883 4375 vgl.
896 4306 971 4364 lliod.
987 4313 1027 4365 17.
1040 4314 1081 4365 43.
